02RETORNO01COBRANCA       00000000000005820605BAXI FOODS LTDA               237BRADESCO       0904240160000000054                                                                                                                                                                                                                                                                          100424         000001
1024093876200015800000090108200307572283207                   000000000000028320730000000000000000000000000902090424283207    00000000000002832073060824000000050220023704157  000000000020600000000000000000000000000000000000000000000000000000000000000000000000000000000000000000000000000000000                          P100000000                                                                  000002
4009010820030757000002832073qrpix.bradesco.com.br/qr/v2/cobv/258ac15-ccfa3-b3f9774f12d6982c272ed8616b7c  20240409237091082003075700000283207                                                                                                                                                                                                                                                              000003
1024093876200015800000090108200307572283228                   000000000000028322860000000000000000000000000902090424283228    00000000000002832286070624000000400762123704157  000000000020600000000000000000000000000000000000000000000000000000000000000000000000000000000000000000000000000000000                          P100000000                                                                  000004
4009010820030757000002832286qrpix.bradesco.com.br/qr/v2/cobv/7d2ab-e1e181-4635bb643e8e47d2786277c0e9db8  20240409237091082003075700000283228                                                                                                                                                                                                                                                              000005
1024093876200015800000090108200307572283272                   000000000000028327230000000000000000000000000902090424283272    00000000000002832723070824000000309600023704144  000000000020600000000000000000000000000000000000000000000000000000000000000000000000000000000000000000000000000000000                          P100000000                                                                  000006
4009010820030757000002832723qrpix.bradesco.com.br/qr/v2/cobv/4f-de1616-9d9df2e52af6a32d86c0982bd871c2cf  20240409237091082003075700000283272                                                                                                                                                                                                                                                              000007
1024093876200015800000090108200307572283279                   000000000000028327900000000000000000000000000902090424283279    00000000000002832790070824000000050840023704157  000000000020600000000000000000000000000000000000000000000000000000000000000000000000000000000000000000000000000000000                          P100000000                                                                  000008
4009010820030757000002832790qrpix.bradesco.com.br/qr/v2/cobv/0e9757-7bc9-b76b41d42dae01b104aa0b47642d14  20240409237091082003075700000283279                                                                                                                                                                                                                                                              000009
1024093876200015800000090108200307572283281                   000000000000028328120000000000000000000000000902090424283281    00000000000002832812070824000000050840023704157  000000000020600000000000000000000000000000000000000000000000000000000000000000000000000000000000000000000000000000000                          P100000000                                                                  000010
4009010820030757000002832812qrpix.bradesco.com.br/qr/v2/cobv/59f-aaf4a5-73a61deb98775a3795ca6b954862589  20240409237091082003075700000283281                                                                                                                                                                                                                                                              000011
1024093876200015800000090108200307572283283                   000000000000028328390000000000000000000000000902090424283283    00000000000002832839090524000000018486623704144  000000000020600000000000000000000000000000000000000000000000000000000000000000000000000000000000000000000000000000000                          P100000000                                                                  000012
4009010820030757000002832839qrpix.bradesco.com.br/qr/v2/cobv/6b3-a74ff0bc2-df37734148be14c4659064423f93  20240409237091082003075700000283283                                                                                                                                                                                                                                                              000013
1024093876200015800000090108200307572283284                   000000000000028328470000000000000000000000000902090424283284    00000000000002832847100624000000018486723704144  000000000020600000000000000000000000000000000000000000000000000000000000000000000000000000000000000000000000000000000                          P100000000                                                                  000014
4009010820030757000002832847qrpix.bradesco.com.br/qr/v2/cobv/23fd01-b66b0e68-7e0ec46b497fde3dfaf510d0a1  20240409237091082003075700000283284                                                                                                                                                                                                                                                              000015
1024093876200015800000090108200307572283285                   000000000000028328550000000000000000000000000902090424283285    00000000000002832855080724000000018486723704144  000000000020600000000000000000000000000000000000000000000000000000000000000000000000000000000000000000000000000000000                          P100000000                                                                  000016
4009010820030757000002832855qrpix.bradesco.com.br/qr/v2/cobv/34822-6e23d52e37-6543026d47866fe1a50cb81b5  20240409237091082003075700000283285                                                                                                                                                                                                                                                              000017
1024093876200015800000090108200307572283289                   000000000000028328980000000000000000000000000902090424283289    00000000000002832898100624000000034626023704157  000000000020600000000000000000000000000000000000000000000000000000000000000000000000000000000000000000000000000000000                          P100000000                                                                  000018
4009010820030757000002832898qrpix.bradesco.com.br/qr/v2/cobv/8c-6484e55f4d7ea5-a2123d49e2dddee0a27c2bbc  20240409237091082003075700000283289                                                                                                                                                                                                                                                              000019
1024093876200015800000090108200307572283291                   0000000000000283291P0000000000000000000000000902090424283291    0000000000000283291P090524000000003143623704157  000000000020600000000000000000000000000000000000000000000000000000000000000000000000000000000000000000000000000000000                          P100000000                                                                  000020
400901082003075700000283291Pqrpix.bradesco.com.br/qr/v2/cobv/4-5b15d67-6a974ef76beb185e4e810d21e1c648db  20240409237091082003075700000283291                                                                                                                                                                                                                                                              000021
1024093876200015800000090108200307572283292                   000000000000028329280000000000000000000000000902090424283292    00000000000002832928100624000000003143723704157  000000000020600000000000000000000000000000000000000000000000000000000000000000000000000000000000000000000000000000000                          P100000000                                                                  000022
4009010820030757000002832928qrpix.bradesco.com.br/qr/v2/cobv/9eff072-cb9-fd86b48c546d368af1f1699a495084  20240409237091082003075700000283292                                                                                                                                                                                                                                                              000023
1024093876200015800000090108200307572283293                   000000000000028329360000000000000000000000000902090424283293    00000000000002832936080724000000003143723704157  000000000020600000000000000000000000000000000000000000000000000000000000000000000000000000000000000000000000000000000                          P100000000                                                                  000024
4009010820030757000002832936qrpix.bradesco.com.br/qr/v2/cobv/3ea012-bb20-67de927d62d0dc3edbe7e29cabd960  20240409237091082003075700000283293                                                                                                                                                                                                                                                              000025
1024093876200015800000090108200307572283302                   000000000000028330290000000000000000000000000902090424283302    00000000000002833029090524000000003143623704157  000000000020600000000000000000000000000000000000000000000000000000000000000000000000000000000000000000000000000000000                          P100000000                                                                  000026
4009010820030757000002833029qrpix.bradesco.com.br/qr/v2/cobv/af-8ed720-df34a845935a343ddc2db217972735f9  20240409237091082003075700000283302                                                                                                                                                                                                                                                              000027
1024093876200015800000090108200307572283303                   000000000000028330370000000000000000000000000902090424283303    00000000000002833037100624000000003143723704157  000000000020600000000000000000000000000000000000000000000000000000000000000000000000000000000000000000000000000000000                          P100000000                                                                  000028
4009010820030757000002833037qrpix.bradesco.com.br/qr/v2/cobv/1-78c01036e-17e54d525f9c57cf732587494aefa2  20240409237091082003075700000283303                                                                                                                                                                                                                                                              000029
1024093876200015800000090108200307572283304                   000000000000028330450000000000000000000000000902090424283304    00000000000002833045080724000000003143723704157  000000000020600000000000000000000000000000000000000000000000000000000000000000000000000000000000000000000000000000000                          P100000000                                                                  000030
4009010820030757000002833045qrpix.bradesco.com.br/qr/v2/cobv/6445-088321-43b357d5b06083d4343fed12078311  20240409237091082003075700000283304                                                                                                                                                                                                                                                              000031
1024093876200015800000090108200307572283322                   000000000000028332230000000000000000000000000902090424283322    00000000000002833223090524000000012547623704144  000000000020600000000000000000000000000000000000000000000000000000000000000000000000000000000000000000000000000000000                          P100000000                                                                  000032
4009010820030757000002833223qrpix.bradesco.com.br/qr/v2/cobv/2edd3-990f9fc941-777798e90996364f4e6d38177  20240409237091082003075700000283322                                                                                                                                                                                                                                                              000033
1024093876200015800000090108200307572283323                   000000000000028332310000000000000000000000000902090424283323    00000000000002833231100624000000012547523704144  000000000020600000000000000000000000000000000000000000000000000000000000000000000000000000000000000000000000000000000                          P100000000                                                                  000034
4009010820030757000002833231qrpix.bradesco.com.br/qr/v2/cobv/4a91-2ea08730fb-441863a0aaec1a247b6707bf91  20240409237091082003075700000283323                                                                                                                                                                                                                                                              000035
1024093876200015800000090108200307572283324                   0000000000000283324P0000000000000000000000000902090424283324    0000000000000283324P080724000000012547523704144  000000000020600000000000000000000000000000000000000000000000000000000000000000000000000000000000000000000000000000000                          P100000000                                                                  000036
400901082003075700000283324Pqrpix.bradesco.com.br/qr/v2/cobv/d52fc-69cb6856b-b4bc7f074ef212c5fc5dcbed68  20240409237091082003075700000283324                                                                                                                                                                                                                                                              000037
1024093876200015800000090108200307572                         000000004100000000230000000000000000000000000902090424145       00000000410000000023120424000000022835023704436  000000000020600000000000000000000000000000000000000000000000000000000000000000000000000000000000000000000000000000000                          0000000000                                                                  000038
1024093876200015800000090108200307572                         0000000041000000004P0000000000000000000000000902090424156       0000000041000000004P120424000000082240023700140  000000000020600000000000000000000000000000000000000000000000000000000000000000000000000000000000000000000000000000000                          0000000000                                                                  000039
1024093876200015800000090108200307572282576                   0000000000000282576P0000000000000000000000000906080424282576    0000000000000282576P100424000000582400003301825  000000000000000000000000000000000000000000000000000000000000000000000000000000000000582400000000000000000000000000000   100424             00000000000000                                                                  000040
1024093876200015800000090108200307572                         000000004100000000230000000000000000000000000906090424145       00000000410000000023120424000000022835034104319  000000000000000000000000000000000000000000000000000000000000000000000000000000000000022835000000000000000000000000000   100424             00000000000000                                                                  000041
1024093876200015800000090108200307572270538                   000000000000027053810000000000000000000000000932090424270538    00000000000002705381110324000000000280023701082  000000000000000000000000000000000000000000000000000000000000000000000000000000000000000000000000000000000000000000000                          3948500000                                                                  000042
9201237          000001300000012426499000000054          00020000011139277000006052350000020000060523500000000000000000000000000000000000000000000000000000000000000000000000000000000000000                                                                                                                                                                              00000000000000000000000         000043
