02RETORNO01COBRANCA       00000000000005429736BAXI FOODS LTDA               237BRADESCO       2408220160000000197                                                                                                                                                                                                                                                                          240822         000001
1024093876200015800000090108200307572                         000000002210000000260000000000000000000000000910240822427       00000000221000000026050822000000058500023701082  000000000000000000000000000000000000000000000000000000000000000000000000000000000000000000000000000000000000000000000                          1400000000                                                                  000002
9201237          000000040000000150300000000197          00000000000000000000000000000000000000000000000000100000058500000000000000000000000000000000000000000000000000000000000000000000000                                                                                                                                                                              00000000000000000000000         000003
