01REMESSA01COBRANCA       00000000000006060294ORIX LOGISTICA LTDA           237BRADESCO       091225        MX0000002                                                                                                                                                                                                                                                                                     000001
100000 000000000000 000901467005197902121                     0002020000000002121300000000002               012121      31122500000043656670000000001N091225060700000000014550000000000000000000000000000000000000000000000207851247000756AGROINDUSTRIAL IRMAOS DALLA COSTA LTDA  RUA PARANA 80                                       85615000                                                            000002
100000 000000000000 000901467005197902200                     0002020000000002200700000000002               012200      19012600000000833750000000001N091225060700000000000280000000000000000000000000000000000000000000000100000372739903JOAO PAULO WILSON JUNIOR                FAZ. N. S. APARECIDA, EST. DA POUSADA, 0            87970000                                                            000003
100000 000000000000 000901467005197902201                     0002020000000002201500000000002               012201      02022600000000833750000000001N091225060700000000000280000000000000000000000000000000000000000000000100000372739903JOAO PAULO WILSON JUNIOR                FAZ. N. S. APARECIDA, EST. DA POUSADA, 0            87970000                                                            000004
9                                                                                                                                                                                                                                                                                                                                                                                                         000005
