01REMESSA01COBRANCA       00000000000005939172BAXI DISTRIBUIDORA DE RACOES L237BRADESCO       130426        MX0000383                                                                                                                                                                                                                                                                                     000001
100000 000000000000 00090006902670585536857                   0002020000000536857200000000002               01536857    26032600000000353900000000001N130426060700000000000120000000000000000000000000000000000000000000000217511735000182PREMIUM VET COMERCIO DE RACOES          R JOSE BONIFACIO 127                                86800550                                                            000002
100000 000000000000 00090006902670585536858                   0002020000000536858000000000002               01536858    06042600000000353900000000001N130426060700000000000120000000000000000000000000000000000000000000000217511735000182PREMIUM VET COMERCIO DE RACOES          R JOSE BONIFACIO 127                                86800550                                                            000003
100000 000000000000 00090006902670585536859                   0002020000000536859900000000002               01536859    15042600000000353900000000001N130426060700000000000120000000000000000000000000000000000000000000000217511735000182PREMIUM VET COMERCIO DE RACOES          R JOSE BONIFACIO 127                                86800550                                                            000004
100000 000000000000 00090006902670585536860                   0002020000000536860200000000002               01536860    27042600000000353900000000001N130426060700000000000120000000000000000000000000000000000000000000000217511735000182PREMIUM VET COMERCIO DE RACOES          R JOSE BONIFACIO 127                                86800550                                                            000005
100000 000000000000 00090006902670585536861                   0002020000000536861000000000002               01536861    05052600000000353900000000001N130426060700000000000120000000000000000000000000000000000000000000000217511735000182PREMIUM VET COMERCIO DE RACOES          R JOSE BONIFACIO 127                                86800550                                                            000006
100000 000000000000 00090006902670585536862                   0002020000000536862900000000002               01536862    15052600000000353900000000001N130426060700000000000120000000000000000000000000000000000000000000000217511735000182PREMIUM VET COMERCIO DE RACOES          R JOSE BONIFACIO 127                                86800550                                                            000007
100000 000000000000 00090006902670585536944                   0002020000000536944700000000002               01536944    03042600000000297300000000001N130426060700000000000100000000000000000000000000000000000000000000000217511735000182PREMIUM VET COMERCIO DE RACOES          R JOSE BONIFACIO 127                                86800550                                                            000008
100000 000000000000 00090006902670585537310                   0002020000000537310P00000000002               01537310    07042600000001418000000000001N130426060700000000000470000000000000000000000000000000000000000000000202302761000123SUPERMERCADO E ACOUGUE PROSPERIDADE LTDARUA SALUSTIANO LAMEU 27                             45230000                                                            000009
100000 000000000000 00090006902670585537311                   0002020000000537311800000000002               01537311    14042600000001418000000000001N130426060700000000000470000000000000000000000000000000000000000000000202302761000123SUPERMERCADO E ACOUGUE PROSPERIDADE LTDARUA SALUSTIANO LAMEU 27                             45230000                                                            000010
100000 000000000000 00090006902670585537312                   0002020000000537312600000000002               01537312    21042600000001418000000000001N130426060700000000000470000000000000000000000000000000000000000000000202302761000123SUPERMERCADO E ACOUGUE PROSPERIDADE LTDARUA SALUSTIANO LAMEU 27                             45230000                                                            000011
100000 000000000000 00090006902670585537360                   0002020000000537360600000000002               01537360    07042600000001146050000000001N130426060700000000000380000000000000000000000000000000000000000000000202627433000105NELSON PEIXOTO BRITO DE UBATA ME        PC JOSE BORGES SANTOS 10                            45560000                                                            000012
100000 000000000000 00090006902670585537361                   0002020000000537361400000000002               01537361    14042600000001146050000000001N130426060700000000000380000000000000000000000000000000000000000000000202627433000105NELSON PEIXOTO BRITO DE UBATA ME        PC JOSE BORGES SANTOS 10                            45560000                                                            000013
100000 000000000000 00090006902670585537362                   0002020000000537362200000000002               01537362    21042600000001146050000000001N130426060700000000000380000000000000000000000000000000000000000000000202627433000105NELSON PEIXOTO BRITO DE UBATA ME        PC JOSE BORGES SANTOS 10                            45560000                                                            000014
9                                                                                                                                                                                                                                                                                                                                                                                                         000015
