01REMESSA01COBRANCA       00000000000005939172BAXI DISTRIBUIDORA DE RACOES L237BRADESCO       140426        MX0000384                                                                                                                                                                                                                                                                                     000001
100000 000000000000 00090006902670585536452                   0002020000000536452600000000002               01536452    26032600000005980160000000001N140426060700000000001990000000000000000000000000000000000000000000000249673784000108BAXI DISTRIBUIDORA DE RACOES SA         AVENIDA BARAO DO RIO BRANCO 0                       85813435002956881000144  COMARELLA DISTRIBUIDORA COMERCIAL0000000000000002
100000 000000000000 00090006902670585536453                   0002020000000536453400000000002               01536453    02042600000005980170000000001N140426060700000000001990000000000000000000000000000000000000000000000249673784000108BAXI DISTRIBUIDORA DE RACOES SA         AVENIDA BARAO DO RIO BRANCO 0                       85813435002956881000144  COMARELLA DISTRIBUIDORA COMERCIAL0000000000000003
100000 000000000000 00090006902670585536454                   0002020000000536454200000000002               01536454    09042600000005980170000000001N140426060700000000001990000000000000000000000000000000000000000000000249673784000108BAXI DISTRIBUIDORA DE RACOES SA         AVENIDA BARAO DO RIO BRANCO 0                       85813435002956881000144  COMARELLA DISTRIBUIDORA COMERCIAL0000000000000004
100000 000000000000 00090006902670585537368                   0002020000000537368100000000002               01537368    07042600000000780950000000001N140426060700000000000260000000000000000000000000000000000000000000000249673784000108BAXI DISTRIBUIDORA DE RACOES SA         AVENIDA BARAO DO RIO BRANCO 0                       85813435002760362000106  A M DA SILVA DE IPIAU ME0000000000000000000000005
100000 000000000000 00090006902670585537369                   0002020000000537369P00000000002               01537369    14042600000000780950000000001N140426060700000000000260000000000000000000000000000000000000000000000249673784000108BAXI DISTRIBUIDORA DE RACOES SA         AVENIDA BARAO DO RIO BRANCO 0                       85813435002760362000106  A M DA SILVA DE IPIAU ME0000000000000000000000006
100000 000000000000 00090006902670585537370                   0002020000000537370300000000002               01537370    21042600000000780950000000001N140426060700000000000260000000000000000000000000000000000000000000000249673784000108BAXI DISTRIBUIDORA DE RACOES SA         AVENIDA BARAO DO RIO BRANCO 0                       85813435002760362000106  A M DA SILVA DE IPIAU ME0000000000000000000000007
9                                                                                                                                                                                                                                                                                                                                                                                                         000008
