01REMESSA01COBRANCA       00000000000005939172BAXI DISTRIBUIDORA DE RACOES L237BRADESCO       140426        MX0000385                                                                                                                                                                                                                                                                                     000001
100000 000000000000 00090006902670585536012                   0002020000000536012100000000002               01536012    30032600000001364480000000001N140426060700000000000450000000000000000000000000000000000000000000000202523787000100ALBUQUERQUE COMERCIO E REPRESEN         R SAO PAULO 941                                     19880000040938762000239  BAXI FOODS S.A EM RECUPERACAO JUDICIAL.0000000002
100000 000000000000 00090006902670585536013                   0002020000000536013P00000000002               01536013    06042600000001364480000000001N140426060700000000000450000000000000000000000000000000000000000000000202523787000100ALBUQUERQUE COMERCIO E REPRESEN         R SAO PAULO 941                                     19880000040938762000239  BAXI FOODS S.A EM RECUPERACAO JUDICIAL.0000000003
100000 000000000000 00090006902670585536014                   0002020000000536014800000000002               01536014    13042600000001364480000000001N140426060700000000000450000000000000000000000000000000000000000000000202523787000100ALBUQUERQUE COMERCIO E REPRESEN         R SAO PAULO 941                                     19880000040938762000239  BAXI FOODS S.A EM RECUPERACAO JUDICIAL.0000000004
9                                                                                                                                                                                                                                                                                                                                                                                                         000005
