75600000         205272759000147                    04256000000004823310QUIMICA CENTRAL DO BRASIL LTDASICOOB                                  22812202208511800000208500000                                                                     
75600011T01  043 2005272759000147          425600000304256000000004823310QUIMICA CENTRAL DO BRASIL LTDA                                                                                000000002812202200000000                                 
7560001300001T 0304256000000004823310000000003801014     1306669         18012023000000000183500756042560306669                   0920231710670001940000000000000ZILDA FIRMINO DOS ANJOS  ME00000000000000000000000000000000009                 
7560001300002U 030000000000000000000000000000000000000000000000000000000000000000000000000000000000000000000000000000000000000000000000002312202200000000    00000000000000000000000                              75600000000000000000000       
7560001300003T 0304256000000004823310000000003801014     1306919         23012023000000005580000756042560306919                   0920231710670001940000000000000ZILDA FIRMINO DOS ANJOS  ME00000000000000000000000000000000009                 
7560001300004U 030000000000000000000000000000000000000000000000000000000000000000000000000000000000000000000000000000000000000000000000002312202200000000    00000000000000000000000                              75600000000000000000000       
75600015         00000600000200000000005763500000000000000000000000000000000000000000000000000000000000000000000000                                                                                                                             
75699999         000001000008000000                                                                                                                                                                                                             
