75600000         205272759000147                    04256000000004823310QUIMICA CENTRAL DO BRASIL LTDASICOOB                                  22212202209211200000108500000                                                                     
75600011T01  043 2005272759000147          425600000304256000000004823310QUIMICA CENTRAL DO BRASIL LTDA                                                                                000000002212202200000000                                 
7560001300001T 0304256000000004823310000000000601014     1306669         18012023000000000183500756042560306669                   0920231710670001940000000000000ZILDA FIRMINO DOS ANJOS  ME00000000000000000000000000000000008                 
7560001300002U 030000000000000000000000000000000000000000000000000000000000000000000000000000000000000000000000000000000000000000000000002112202200000000    00000000000000000000000                              75600000000000000000000       
7560001300003T 0304256000000004823310000000000601014     1306669         18012023000000000183500756042560306669                   0920231710670001940000000000000ZILDA FIRMINO DOS ANJOS  ME00000000000000000000000000000000008                 
7560001300004U 030000000000000000000000000000000000000000000000000000000000000000000000000000000000000000000000000000000000000000000000002112202200000000    00000000000000000000000                              75600000000000000000000       
7560001300005T 0204256000000004823310000000001301014     1306670         25012023000000000183500756042560306670                   0920231710670001940000000000000ZILDA FIRMINO DOS ANJOS  ME000000000000000000000000000000000A4                 
7560001300006U 020000000000000000000000000000000000000000000000000000000000000000000000000000000000000000000000000000000000000000000000002112202200000000    00000000000000000000000                              75600000000000000000000       
7560001300007T 0304256000000004823310000000001301014     1306670         25012023000000000183500756042560306670                   0920231710670001940000000000000ZILDA FIRMINO DOS ANJOS  ME00000000000000000000000000000000009                 
7560001300008U 030000000000000000000000000000000000000000000000000000000000000000000000000000000000000000000000000000000000000000000000002112202200000000    00000000000000000000000                              75600000000000000000000       
75600015         00001000000400000000000734000000000000000000000000000000000000000000000000000000000000000000000000                                                                                                                             
75699999         000001000012000000                                                                                                                                                                                                             
