|0000|019|1|01102025|31102025|ORIX LTDA|62747840000170||PR|9117411050|4115408|4160||A|1|
|0001|0|
|0005|ORIX LOGISTICA LTDA|85614082|R EDSON ARMANDO PERIN|184||CENTRO|6999999990|0000000000|nfe@orixltda.com.br|
|0100|PABLO ANTONIO LAURINDO|06355855963|001973/O0||85601630|RUA CURITIBA|1940|SALA 107|CENTRO|46984128496||pablo.laurindo@hotmail.com|4108403|
|0150|017305500001290|AGRO LUNA COMERCIO DE RACAO LTDA|1058|01730550000129||9081554401|4120408||R PERIMETRAL BALTAZAR ANTONIO DE OLIVEIRA|850||JD. PROGRESSO|
|0150|017305500003900|AGRO LUNA COMERCIO DE RACAO LTDA|1058|01730550000390||440065765112|3529203||RUA ALBERTO MASSOLLI|2111||CONJUNTO HABITACIONAL JOAO CORDEIRO|
|0150|078512470007560|AGROINDUSTRIAL IRMAOS DALLA COSTA LTDA|1058|07851247000756||9061816906|4115408||RUA PARANA|80||INDUSTRIAL|
|0150|089900510001100|AGROXPORT BRAZILIAN INDUSTRY LTDA|1058|08990051000110||133467694|5107925||AVENIDA IDEMAR RIEDI|11240|ARMZ 4 SALA 3|INDUSTRIAL - 1 ETAPA|
|0150|008171310001660|AUTO POSTO MASIERO LTDA|1058|00817131000166||3210382550|4108403||ROD PR 483, KM 01|0||AGUA BRANCA|
|0150|409387620002390|BAXI FOODS LTDA|1058|40938762000239||9105827803|4101408||AV GOVERNADOR ROBERTO DA SILVEIRA|250||BARRA FUNDA|
|0150|409387620003100|BAXI FOODS S.A.|1058|40938762000310||9112243132|4101408||AVENIDA GOVERNADOR ROBERTO DA SILVEIRA|400||BARRA FUNDA|
|0150|409387620001580|BAXI FOODS S.A.|1058|40938762000158||9088153941|4104808||RODOVIA PR 486|0|KM 1.8|VISTA LINDA|
|0150|503760140001820|CAMINHOS DO CAMPO COM. DE ALIMENTOS E PRO AGROPECUARIOS LTDA|1058|50376014000182||9099970895|4128708||AVENIDA BRASIL ARGENTINA|1179||CENTRO|
|0150|833052350148450|COOPERATIVA AGROINDUSTRIAL ALFA|1058|83305235014845||257613323|4203808||RUA FRANCISCO WILMAR FRIEDRICH|316||INDUSTRIAL 01|
|0150|833104410041040|COOPERATIVA CENTRAL AURORA ALIMENTOS|1058|83310441004104||0390131563|4307005||AVENIDA SANTO DAL BOSCO|860|SALA 02|CENTRO|
|0150|627803830001150|HORUS AGRICOLA LTDA|1058|62780383000115||9117457980|4101408||EST COLONIA ESPERANCA|271||GLEBA PIRAPO|
|0150|207029070001000|JHD FABRICACAO E COMERCIO DE RACAO, IMPORTACAO E EXPORTACAO|1058|20702907000100||284019844|5003702||MS 276 INDAPOLIS/LAGOA BONITA KM 01|0||INDAPOLIS|
|0150|869476809720|LUIZ CARLOS CHESSIN|1058||86947680972|9561909161|4116703||PARTE DOS LOTES 1, 2 E 3-C|0|JARDIM PINDORAMA|SEDE|
|0150|019117610003200|NATIVA PRODUTOS AGRICOLAS LTDA|1058|01911761000320||9070945700|4118501||EST LOCALIDADE SEDE GAVIAO|0||INTERIOR|
|0150|019117610002490|NATIVA PRODUTOS AGRICOLAS LTDA|1058|01911761000249||9054732209|4128708||ROD PRC 280, KM 229,7|0||LINHA SAO DONATO|
|0150|532671470001090|NUBA LOGISTICA LTDA|1058|53267147000109||9104452431|4104808||AVENIDA BARAO DO RIO BRANCO|0|QDR 233-ALOTE 00A3|CANADA|
|0150|053662610001430|NUTRI AGROINDUSTRIA LTDA|1058|05366261000143||9085816109|4104808||RODOVIA PR 486, KM 02|0|SAIDA PARA TUPASSI|BRASMADEIRA|
|0150|053662610006580|NUTRI AGROINDUSTRIA LTDA|1058|05366261000658||9106303425|4107504||ROD PR 082 - PE KM 215|0||ZONA RURAL|
|0150|053662610005770|NUTRI AGROINDUSTRIA LTDA|1058|05366261000577||9093153283|4115200||RUA FERNAO DIAS|295|SALA 1004|ZONA ARMAZEM|
|0150|053662610003050|NUTRI AGROINDUSTRIA LTDA|1058|05366261000305||0910390851|4314100||AVENIDA DOUTOR ALVARO SEVERO DE MIRANDA|1106|SALA 1005|CIDADE NOVA|
|0150|918308360001790|OLFAR  S A ALIMENTO E ENERGIA|1058|91830836000179||0390045713|4307005||RODOVIA BR-153|0|KM 53|FRINAPE|
|0150|627478400001700|ORIX LTDA|1058|62747840000170||9117411050|4115408||R EDSON ARMANDO PERIN|184||CENTRO|
|0150|326260450001620|R.D.A COMERCIO DE ALIMENTOS E CEREAIS LTDA|1058|32626045000162||9080317090|4128708||ROD PRC 280|0||INDUSTRIAL|
|0150|513008240001180|RESTAURA PHONE LTDA|1058|51300824000118||9101341671|4101002||RUA ARTHUR KRINDGES|479|SALA 01|CENTRO|
|0150|584454590001890|SPASS   CERVEJA ARTESANAL LTDA|1058|58445459000189||9111398981|4115200||AVENIDA NILDO RIBEIRO DA ROCHA,ARQUITETO|5609||GLEBA RIBEIRAO PINGUIM|
|0190|KG|KILOGRAMAS|
|0190|LTS|LITROS|
|0190|SC|ENSACADO|
|0190|UND|UNIDADES|
|0200|101010008|SOJA INTACTA - PARTICIPANTE|||KG|00|12019000||12|00.00|0,00||
|0200|101020001|MILHO EM GRAOS|||KG|00|10059010||12|00.00|0,00||
|0200|601010061|NOTEBOOK|||UND|08|85285200|||00.00|0,00||
|0200|812010003|RACAO PARA BOVINOS DE CORTE PRODUFLEX  DIETA TOTAL (25KG)|||SC|00|23099010||23|00.00|0,00||
|0200|903010002|OLEO DIESEL|||LTS|07|27101921||27|00.00|0,00||
|0200|904010005|COMBUSTIVEIS E LUBRIFICANTES|||UND|09|00000000|||00.00|0,00||
|0220|KG|1,0000||
|0220|LTS|1,0000||
|0220|SC|25,0000||
|0220|UND|1,0000||
|0400|11|COMPRAS M.I.PRECO FIXO|
|0400|233|DEV. VENDA M.I. DIRETA P/ RACAO ANIMAL COM REDUCAO 30% BASE|
|0400|553|1907 - RETORNO SIMBOLICO DE MERCADORIA REMETIDA P/ DEPOSITO EM TERCEIROS|
|0400|214|ENTRADAS POR DEVOLUCAO DE VENDAS PRECO FIXO|
|0400|906|1653/2653 - COMBUSTIVEIS E LUBRIFICANTES - COMERCIALIZACAO|
|0400|966|1922/2922 - USO CONSUMO/IMOBILIZADO|
|0400|557|1906/1907 - RETORNO DE MERCADORIA REMETIDA PARA DEPOSITO EM TERCEIROS|
|0400|9112|1653/2653 - COMBUSTIVEL E LUBRIFICANTES - ADM/COMERCIAL|
|0400|129|COMPRAS M.I. SEM ICMS C/CREDITO PIS/COFINS|
|0400|166|1102/2102 - COMPRAS C/ ICMS 100% C/ PIS E COFINS|
|0990|55|
|B001|1|
|B990|2|
|C001|0|
|C100|0|1|008171310001660|55|00|5|12091|41250900817131000166550050000120911510891809|28092025|07102025|150,00|1|0,00||150,00|1|0,00|0,00||0,00|0,00|0,00|0,00|0,00|0,00|0,00|||
|C170|1|904010005|COMBUSTIVEIS E LUBRIFICANTES|24,0000|UND|150,00|0,00|1|090|1653|9112|0,00|0,00|0,00|0,00|0,00|0,00|0|||0,00|0,00|0,00|70|0,00|0,0000|0,00|0,0000|0,00|70|0,00|0,0000|0,00|0,0000|0,00||0,00|
|C190|090|1653|0,00|150,00|0,00|0,00|0,00|0,00|0|00,00||
|C100|0|1|008171310001660|55|00|4|135871|41250900817131000166550040001358711189007286|27092025|07102025|390,00|1|0,01||390,01|1|0,00|0,00||0,00|0,00|0,00|0,00|0,00|6,44|29,64|||
|C170|1|903010002|OLEO DIESEL|65,1110|LTS|390,01|0,01|1|090|1653|906|0,00|0,00|0,00|0,00|0,00|0,00|0|||0,00|0,00|0,00|56|390,00|1,6500|0,00|0,0000|6,44|56|390,00|7,6000|0,00|0,0000|29,64||0,00|
|C190|090|1653|0,00|390,00|0,00|0,00|0,00|0,00|0|00,00||
|C100|0|1|008171310001660|55|00|4|136171|41251000817131000166550040001361711997564750|11102025|16102025|482,06|1|0,00||482,06|1|0,00|0,00||0,00|0,00|0,00|0,00|0,00|0,00|0,00|||
|C170|1|904010005|COMBUSTIVEIS E LUBRIFICANTES|79,1810|UND|482,06|0,00|1|090|1653|9112|0,00|0,00|0,00|0,00|0,00|0,00|0|||0,00|0,00|0,00|70|0,00|0,0000|0,00|0,0000|0,00|70|0,00|0,0000|0,00|0,0000|0,00||0,00|
|C190|090|1653|0,00|482,06|0,00|0,00|0,00|0,00|0|00,00||
|C100|0|1|017305500001290|55|00|2|2722|41250901730550000129550020000027221200882930|22092025|01102025|45056,00|1|0,00||45056,00|0|0,00|0,00||0,00|0,00|0,00|0,00|0,00|743,42|3424,26|||
|C170|1|101020001|MILHO EM GRAOS|35200,0000|KG|45056,00|0,00|0|051|1102|129|0,00|0,00|0,00|0,00|0,00|0,00|0|||0,00|0,00|0,00|56|45056,00|1,6500|0,00|0,0000|743,42|56|45056,00|7,6000|0,00|0,0000|3424,26||0,00|
|C190|051|1102|0,00|45056,00|0,00|0,00|0,00|0,00|0|00,00||
|C100|0|1|017305500001290|55|00|2|2723|41250901730550000129550020000027231593990331|22092025|02102025|46745,60|1|0,00||46745,60|0|0,00|0,00||0,00|0,00|0,00|0,00|0,00|771,30|3552,67|||
|C170|1|101020001|MILHO EM GRAOS|36520,0000|KG|46745,60|0,00|0|051|1102|129|0,00|0,00|0,00|0,00|0,00|0,00|0|||0,00|0,00|0,00|56|46745,60|1,6500|0,00|0,0000|771,30|56|46745,60|7,6000|0,00|0,0000|3552,67||0,00|
|C190|051|1102|0,00|46745,60|0,00|0,00|0,00|0,00|0|00,00||
|C100|0|1|017305500001290|55|00|2|2724|41250901730550000129550020000027241934406380|22092025|02102025|45158,40|1|0,00||45158,40|0|0,00|0,00||0,00|0,00|0,00|0,00|0,00|745,11|3432,04|||
|C170|1|101020001|MILHO EM GRAOS|35280,0000|KG|45158,40|0,00|0|051|1102|129|0,00|0,00|0,00|0,00|0,00|0,00|0|||0,00|0,00|0,00|56|45158,40|1,6500|0,00|0,0000|745,11|56|45158,40|7,6000|0,00|0,0000|3432,04||0,00|
|C190|051|1102|0,00|45158,40|0,00|0,00|0,00|0,00|0|00,00||
|C100|0|1|017305500001290|55|00|2|2725|41250901730550000129550020000027251709391328|22092025|02102025|45184,00|1|0,00||45184,00|0|0,00|0,00||0,00|0,00|0,00|0,00|0,00|745,54|3433,98|||
|C170|1|101020001|MILHO EM GRAOS|35300,0000|KG|45184,00|0,00|0|051|1102|129|0,00|0,00|0,00|0,00|0,00|0,00|0|||0,00|0,00|0,00|56|45184,00|1,6500|0,00|0,0000|745,54|56|45184,00|7,6000|0,00|0,0000|3433,98||0,00|
|C190|051|1102|0,00|45184,00|0,00|0,00|0,00|0,00|0|00,00||
|C100|0|1|017305500001290|55|00|2|2727|41250901730550000129550020000027271628766415|22092025|02102025|39756,80|1|0,00||39756,80|0|0,00|0,00||0,00|0,00|0,00|0,00|0,00|655,99|3021,52|||
|C170|1|101020001|MILHO EM GRAOS|31060,0000|KG|39756,80|0,00|0|051|1102|129|0,00|0,00|0,00|0,00|0,00|0,00|0|||0,00|0,00|0,00|56|39756,80|1,6500|0,00|0,0000|655,99|56|39756,80|7,6000|0,00|0,0000|3021,52||0,00|
|C190|051|1102|0,00|39756,80|0,00|0,00|0,00|0,00|0|00,00||
|C100|0|1|017305500001290|55|00|2|2728|41250901730550000129550020000027281469536817|22092025|02102025|49433,60|1|0,00||49433,60|0|0,00|0,00||0,00|0,00|0,00|0,00|0,00|815,65|3756,95|||
|C170|1|101020001|MILHO EM GRAOS|38620,0000|KG|49433,60|0,00|0|051|1102|129|0,00|0,00|0,00|0,00|0,00|0,00|0|||0,00|0,00|0,00|56|49433,60|1,6500|0,00|0,0000|815,65|56|49433,60|7,6000|0,00|0,0000|3756,95||0,00|
|C190|051|1102|0,00|49433,60|0,00|0,00|0,00|0,00|0|00,00||
|C100|0|1|017305500003900|55|00|1|590|35250901730550000390550010000005901003727925|27092025|02102025|44000,00|1|0,00||44000,00|1|0,00|0,00||44000,00|5280,00|0,00|0,00|0,00|726,00|3344,00|||
|C170|1|101020001|MILHO EM GRAOS|35200,0000|KG|44000,00|0,00|0|000|2102|166|44000,00|12,00|5280,00|0,00|0,00|0,00|0|||0,00|0,00|0,00|56|44000,00|1,6500|0,00|0,0000|726,00|56|44000,00|7,6000|0,00|0,0000|3344,00||0,00|
|C190|000|2102|12,00|44000,00|44000,00|5280,00|0,00|0,00|0|00,00||
|C100|0|1|017305500003900|55|00|1|592|35250901730550000390550010000005921003727920|27092025|02102025|44100,00|1|0,00||44100,00|1|0,00|0,00||44100,00|5292,00|0,00|0,00|0,00|727,65|3351,60|||
|C170|1|101020001|MILHO EM GRAOS|35280,0000|KG|44100,00|0,00|0|000|2102|166|44100,00|12,00|5292,00|0,00|0,00|0,00|0|||0,00|0,00|0,00|56|44100,00|1,6500|0,00|0,0000|727,65|56|44100,00|7,6000|0,00|0,0000|3351,60||0,00|
|C190|000|2102|12,00|44100,00|44100,00|5292,00|0,00|0,00|0|00,00||
|C100|0|1|017305500003900|55|00|1|593|35250901730550000390550010000005931003727927|29092025|02102025|44125,00|1|0,00||44125,00|1|0,00|0,00||44125,00|5295,00|0,00|0,00|0,00|728,06|3353,50|||
|C170|1|101020001|MILHO EM GRAOS|35300,0000|KG|44125,00|0,00|0|000|2102|166|44125,00|12,00|5295,00|0,00|0,00|0,00|0|||0,00|0,00|0,00|56|44125,00|1,6500|0,00|0,0000|728,06|56|44125,00|7,6000|0,00|0,0000|3353,50||0,00|
|C190|000|2102|12,00|44125,00|44125,00|5295,00|0,00|0,00|0|00,00||
|C100|0|1|017305500003900|55|00|1|594|35250901730550000390550010000005941003727924|29092025|02102025|38825,00|1|0,00||38825,00|1|0,00|0,00||38825,00|4659,00|0,00|0,00|0,00|640,61|2950,70|||
|C170|1|101020001|MILHO EM GRAOS|31060,0000|KG|38825,00|0,00|0|000|2102|166|38825,00|12,00|4659,00|0,00|0,00|0,00|0|||0,00|0,00|0,00|56|38825,00|1,6500|0,00|0,0000|640,61|56|38825,00|7,6000|0,00|0,0000|2950,70||0,00|
|C190|000|2102|12,00|38825,00|38825,00|4659,00|0,00|0,00|0|00,00||
|C100|0|1|017305500003900|55|00|1|596|35250901730550000390550010000005961003727929|29092025|20102025|47125,00|1|0,00||47125,00|1|0,00|0,00||47125,00|5655,00|0,00|0,00|0,00|777,56|3581,50|||
|C170|1|101020001|MILHO EM GRAOS|37700,0000|KG|47125,00|0,00|0|000|2102|166|47125,00|12,00|5655,00|0,00|0,00|0,00|0|||0,00|0,00|0,00|56|47125,00|1,6500|0,00|0,0000|777,56|56|47125,00|7,6000|0,00|0,0000|3581,50||0,00|
|C190|000|2102|12,00|47125,00|47125,00|5655,00|0,00|0,00|0|00,00||
|C100|0|1|017305500003900|55|00|1|597|35251001730550000390550010000005971003727926|17102025|20102025|47125,00|1|0,00||47125,00|1|0,00|0,00||47125,00|5655,00|0,00|0,00|0,00|777,56|3581,50|||
|C170|1|101020001|MILHO EM GRAOS|37700,0000|KG|47125,00|0,00|0|000|2102|166|47125,00|12,00|5655,00|0,00|0,00|0,00|0|||0,00|0,00|0,00|56|47125,00|1,6500|0,00|0,0000|777,56|56|47125,00|7,6000|0,00|0,0000|3581,50||0,00|
|C190|000|2102|12,00|47125,00|47125,00|5655,00|0,00|0,00|0|00,00||
|C100|0|1|017305500003900|55|00|1|598|35251001730550000390550010000005981003727923|17102025|20102025|46000,00|1|0,00||46000,00|1|0,00|0,00||46000,00|5520,00|0,00|0,00|0,00|759,00|3496,00|||
|C170|1|101020001|MILHO EM GRAOS|36800,0000|KG|46000,00|0,00|0|000|2102|166|46000,00|12,00|5520,00|0,00|0,00|0,00|0|||0,00|0,00|0,00|56|46000,00|1,6500|0,00|0,0000|759,00|56|46000,00|7,6000|0,00|0,0000|3496,00||0,00|
|C190|000|2102|12,00|46000,00|46000,00|5520,00|0,00|0,00|0|00,00||
|C100|0|1|017305500003900|55|00|1|599|35251001730550000390550010000005991003727920|17102025|20102025|46125,00|1|0,00||46125,00|1|0,00|0,00||46125,00|5535,00|0,00|0,00|0,00|761,06|3505,50|||
|C170|1|101020001|MILHO EM GRAOS|36900,0000|KG|46125,00|0,00|0|000|2102|166|46125,00|12,00|5535,00|0,00|0,00|0,00|0|||0,00|0,00|0,00|56|46125,00|1,6500|0,00|0,0000|761,06|56|46125,00|7,6000|0,00|0,0000|3505,50||0,00|
|C190|000|2102|12,00|46125,00|46125,00|5535,00|0,00|0,00|0|00,00||
|C100|0|1|017305500003900|55|00|1|600|35251001730550000390550010000006001003727923|17102025|20102025|43750,00|1|0,00||43750,00|1|0,00|0,00||43750,00|5250,00|0,00|0,00|0,00|721,88|3325,00|||
|C170|1|101020001|MILHO EM GRAOS|35000,0000|KG|43750,00|0,00|0|000|2102|166|43750,00|12,00|5250,00|0,00|0,00|0,00|0|||0,00|0,00|0,00|56|43750,00|1,6500|0,00|0,0000|721,88|56|43750,00|7,6000|0,00|0,0000|3325,00||0,00|
|C190|000|2102|12,00|43750,00|43750,00|5250,00|0,00|0,00|0|00,00||
|C100|0|1|017305500003900|55|00|1|601|35251001730550000390550010000006011003727920|17102025|20102025|41250,00|1|0,00||41250,00|1|0,00|0,00||41250,00|4950,00|0,00|0,00|0,00|680,63|3135,00|||
|C170|1|101020001|MILHO EM GRAOS|33000,0000|KG|41250,00|0,00|0|000|2102|166|41250,00|12,00|4950,00|0,00|0,00|0,00|0|||0,00|0,00|0,00|56|41250,00|1,6500|0,00|0,0000|680,63|56|41250,00|7,6000|0,00|0,0000|3135,00||0,00|
|C190|000|2102|12,00|41250,00|41250,00|4950,00|0,00|0,00|0|00,00||
|C100|0|1|017305500003900|55|00|1|602|35251001730550000390550010000006021003727928|17102025|20102025|41500,00|1|0,00||41500,00|1|0,00|0,00||41500,00|4980,00|0,00|0,00|0,00|684,75|3154,00|||
|C170|1|101020001|MILHO EM GRAOS|33200,0000|KG|41500,00|0,00|0|000|2102|166|41500,00|12,00|4980,00|0,00|0,00|0,00|0|||0,00|0,00|0,00|56|41500,00|1,6500|0,00|0,0000|684,75|56|41500,00|7,6000|0,00|0,0000|3154,00||0,00|
|C190|000|2102|12,00|41500,00|41500,00|4980,00|0,00|0,00|0|00,00||
|C100|0|1|017305500003900|55|00|1|603|35251001730550000390550010000006031003727925|17102025|20102025|46475,00|1|0,00||46475,00|1|0,00|0,00||46475,00|5577,00|0,00|0,00|0,00|766,84|3532,10|||
|C170|1|101020001|MILHO EM GRAOS|37180,0000|KG|46475,00|0,00|0|000|2102|166|46475,00|12,00|5577,00|0,00|0,00|0,00|0|||0,00|0,00|0,00|56|46475,00|1,6500|0,00|0,0000|766,84|56|46475,00|7,6000|0,00|0,0000|3532,10||0,00|
|C190|000|2102|12,00|46475,00|46475,00|5577,00|0,00|0,00|0|00,00||
|C100|0|1|017305500003900|55|00|1|604|35251001730550000390550010000006041003727922|17102025|20102025|44325,00|1|0,00||44325,00|1|0,00|0,00||44325,00|5319,00|0,00|0,00|0,00|731,36|3368,70|||
|C170|1|101020001|MILHO EM GRAOS|35460,0000|KG|44325,00|0,00|0|000|2102|166|44325,00|12,00|5319,00|0,00|0,00|0,00|0|||0,00|0,00|0,00|56|44325,00|1,6500|0,00|0,0000|731,36|56|44325,00|7,6000|0,00|0,0000|3368,70||0,00|
|C190|000|2102|12,00|44325,00|44325,00|5319,00|0,00|0,00|0|00,00||
|C100|0|1|017305500003900|55|00|1|605|35251001730550000390550010000006051003727920|17102025|20102025|33762,50|1|0,00||33762,50|1|0,00|0,00||33762,50|4051,50|0,00|0,00|0,00|557,08|2565,95|||
|C170|1|101020001|MILHO EM GRAOS|27010,0000|KG|33762,50|0,00|0|000|2102|166|33762,50|12,00|4051,50|0,00|0,00|0,00|0|||0,00|0,00|0,00|56|33762,50|1,6500|0,00|0,0000|557,08|56|33762,50|7,6000|0,00|0,0000|2565,95||0,00|
|C190|000|2102|12,00|33762,50|33762,50|4051,50|0,00|0,00|0|00,00||
|C100|0|1|017305500003900|55|00|1|606|35251001730550000390550010000006061003727927|17102025|20102025|44050,00|1|0,00||44050,00|1|0,00|0,00||44050,00|5286,00|0,00|0,00|0,00|726,83|3347,80|||
|C170|1|101020001|MILHO EM GRAOS|35240,0000|KG|44050,00|0,00|0|000|2102|166|44050,00|12,00|5286,00|0,00|0,00|0,00|0|||0,00|0,00|0,00|56|44050,00|1,6500|0,00|0,0000|726,83|56|44050,00|7,6000|0,00|0,0000|3347,80||0,00|
|C190|000|2102|12,00|44050,00|44050,00|5286,00|0,00|0,00|0|00,00||
|C100|0|1|017305500003900|55|00|1|607|35251001730550000390550010000006071003727924|18102025|22102025|25000,00|1|0,00||25000,00|1|0,00|0,00||25000,00|3000,00|0,00|0,00|0,00|412,50|1900,00|||
|C170|1|101020001|MILHO EM GRAOS|20000,0000|KG|25000,00|0,00|0|000|2102|166|25000,00|12,00|3000,00|0,00|0,00|0,00|0|||0,00|0,00|0,00|56|25000,00|1,6500|0,00|0,0000|412,50|56|25000,00|7,6000|0,00|0,0000|1900,00||0,00|
|C190|000|2102|12,00|25000,00|25000,00|3000,00|0,00|0,00|0|00,00||
|C100|0|1|017305500003900|55|00|1|608|35251001730550000390550010000006081003727921|18102025|20102025|44900,00|1|0,00||44900,00|1|0,00|0,00||44900,00|5388,00|0,00|0,00|0,00|740,85|3412,40|||
|C170|1|101020001|MILHO EM GRAOS|35920,0000|KG|44900,00|0,00|0|000|2102|166|44900,00|12,00|5388,00|0,00|0,00|0,00|0|||0,00|0,00|0,00|56|44900,00|1,6500|0,00|0,0000|740,85|56|44900,00|7,6000|0,00|0,0000|3412,40||0,00|
|C190|000|2102|12,00|44900,00|44900,00|5388,00|0,00|0,00|0|00,00||
|C100|0|1|017305500003900|55|00|1|609|35251001730550000390550010000006091003727929|18102025|20102025|46262,50|1|0,00||46262,50|1|0,00|0,00||46262,50|5551,50|0,00|0,00|0,00|763,33|3515,95|||
|C170|1|101020001|MILHO EM GRAOS|37010,0000|KG|46262,50|0,00|0|000|2102|166|46262,50|12,00|5551,50|0,00|0,00|0,00|0|||0,00|0,00|0,00|56|46262,50|1,6500|0,00|0,0000|763,33|56|46262,50|7,6000|0,00|0,0000|3515,95||0,00|
|C190|000|2102|12,00|46262,50|46262,50|5551,50|0,00|0,00|0|00,00||
|C100|0|1|017305500003900|55|00|1|610|35251001730550000390550010000006101003727920|18102025|20102025|50025,00|1|0,00||50025,00|1|0,00|0,00||50025,00|6003,00|0,00|0,00|0,00|825,41|3801,90|||
|C170|1|101020001|MILHO EM GRAOS|40020,0000|KG|50025,00|0,00|0|000|2102|166|50025,00|12,00|6003,00|0,00|0,00|0,00|0|||0,00|0,00|0,00|56|50025,00|1,6500|0,00|0,0000|825,41|56|50025,00|7,6000|0,00|0,0000|3801,90||0,00|
|C190|000|2102|12,00|50025,00|50025,00|6003,00|0,00|0,00|0|00,00||
|C100|0|1|017305500003900|55|00|1|611|35251001730550000390550010000006111003727927|20102025|21102025|44300,00|1|0,00||44300,00|1|0,00|0,00||44300,00|5316,00|0,00|0,00|0,00|730,95|3366,80|||
|C170|1|101020001|MILHO EM GRAOS|35440,0000|KG|44300,00|0,00|0|000|2102|166|44300,00|12,00|5316,00|0,00|0,00|0,00|0|||0,00|0,00|0,00|56|44300,00|1,6500|0,00|0,0000|730,95|56|44300,00|7,6000|0,00|0,0000|3366,80||0,00|
|C190|000|2102|12,00|44300,00|44300,00|5316,00|0,00|0,00|0|00,00||
|C100|0|1|017305500003900|55|00|1|612|35251001730550000390550010000006121003727924|20102025|21102025|47775,00|1|0,00||47775,00|1|0,00|0,00||47775,00|5733,00|0,00|0,00|0,00|788,29|3630,90|||
|C170|1|101020001|MILHO EM GRAOS|38220,0000|KG|47775,00|0,00|0|000|2102|166|47775,00|12,00|5733,00|0,00|0,00|0,00|0|||0,00|0,00|0,00|56|47775,00|1,6500|0,00|0,0000|788,29|56|47775,00|7,6000|0,00|0,0000|3630,90||0,00|
|C190|000|2102|12,00|47775,00|47775,00|5733,00|0,00|0,00|0|00,00||
|C100|0|1|017305500003900|55|00|1|613|35251001730550000390550010000006131003727921|20102025|21102025|44900,00|1|0,00||44900,00|1|0,00|0,00||44900,00|5388,00|0,00|0,00|0,00|740,85|3412,40|||
|C170|1|101020001|MILHO EM GRAOS|35920,0000|KG|44900,00|0,00|0|000|2102|166|44900,00|12,00|5388,00|0,00|0,00|0,00|0|||0,00|0,00|0,00|56|44900,00|1,6500|0,00|0,0000|740,85|56|44900,00|7,6000|0,00|0,0000|3412,40||0,00|
|C190|000|2102|12,00|44900,00|44900,00|5388,00|0,00|0,00|0|00,00||
|C100|0|1|017305500003900|55|00|1|614|35251001730550000390550010000006141003727929|20102025|21102025|46262,50|1|0,00||46262,50|1|0,00|0,00||46262,50|5551,50|0,00|0,00|0,00|763,33|3515,95|||
|C170|1|101020001|MILHO EM GRAOS|37010,0000|KG|46262,50|0,00|0|000|2102|166|46262,50|12,00|5551,50|0,00|0,00|0,00|0|||0,00|0,00|0,00|56|46262,50|1,6500|0,00|0,0000|763,33|56|46262,50|7,6000|0,00|0,0000|3515,95||0,00|
|C190|000|2102|12,00|46262,50|46262,50|5551,50|0,00|0,00|0|00,00||
|C100|0|1|017305500003900|55|00|1|615|35251001730550000390550010000006151003727926|20102025|21102025|50025,00|1|0,00||50025,00|1|0,00|0,00||50025,00|6003,00|0,00|0,00|0,00|825,41|3801,90|||
|C170|1|101020001|MILHO EM GRAOS|40020,0000|KG|50025,00|0,00|0|000|2102|166|50025,00|12,00|6003,00|0,00|0,00|0,00|0|||0,00|0,00|0,00|56|50025,00|1,6500|0,00|0,0000|825,41|56|50025,00|7,6000|0,00|0,0000|3801,90||0,00|
|C190|000|2102|12,00|50025,00|50025,00|6003,00|0,00|0,00|0|00,00||
|C100|0|1|017305500003900|55|00|1|616|35251001730550000390550010000006161003727923|20102025|21102025|44300,00|1|0,00||44300,00|1|0,00|0,00||44300,00|5316,00|0,00|0,00|0,00|730,95|3366,80|||
|C170|1|101020001|MILHO EM GRAOS|35440,0000|KG|44300,00|0,00|0|000|2102|166|44300,00|12,00|5316,00|0,00|0,00|0,00|0|||0,00|0,00|0,00|56|44300,00|1,6500|0,00|0,0000|730,95|56|44300,00|7,6000|0,00|0,0000|3366,80||0,00|
|C190|000|2102|12,00|44300,00|44300,00|5316,00|0,00|0,00|0|00,00||
|C100|0|1|017305500003900|55|00|1|617|35251001730550000390550010000006171003727920|20102025|21102025|47775,00|1|0,00||47775,00|1|0,00|0,00||47775,00|5733,00|0,00|0,00|0,00|788,29|3630,90|||
|C170|1|101020001|MILHO EM GRAOS|38220,0000|KG|47775,00|0,00|0|000|2102|166|47775,00|12,00|5733,00|0,00|0,00|0,00|0|||0,00|0,00|0,00|56|47775,00|1,6500|0,00|0,0000|788,29|56|47775,00|7,6000|0,00|0,0000|3630,90||0,00|
|C190|000|2102|12,00|47775,00|47775,00|5733,00|0,00|0,00|0|00,00||
|C100|0|1|017305500003900|55|00|1|618|35251001730550000390550010000006181003727928|20102025|21102025|40575,00|1|0,00||40575,00|1|0,00|0,00||40575,00|4869,00|0,00|0,00|0,00|669,49|3083,70|||
|C170|1|101020001|MILHO EM GRAOS|32460,0000|KG|40575,00|0,00|0|000|2102|166|40575,00|12,00|4869,00|0,00|0,00|0,00|0|||0,00|0,00|0,00|56|40575,00|1,6500|0,00|0,0000|669,49|56|40575,00|7,6000|0,00|0,0000|3083,70||0,00|
|C190|000|2102|12,00|40575,00|40575,00|4869,00|0,00|0,00|0|00,00||
|C100|0|1|017305500003900|55|00|1|619|35251001730550000390550010000006191003727925|20102025|21102025|50775,00|1|0,00||50775,00|1|0,00|0,00||50775,00|6093,00|0,00|0,00|0,00|837,79|3858,90|||
|C170|1|101020001|MILHO EM GRAOS|40620,0000|KG|50775,00|0,00|0|000|2102|166|50775,00|12,00|6093,00|0,00|0,00|0,00|0|||0,00|0,00|0,00|56|50775,00|1,6500|0,00|0,0000|837,79|56|50775,00|7,6000|0,00|0,0000|3858,90||0,00|
|C190|000|2102|12,00|50775,00|50775,00|6093,00|0,00|0,00|0|00,00||
|C100|0|1|017305500003900|55|00|1|620|35251001730550000390550010000006201003727926|20102025|21102025|45512,50|1|0,00||45512,50|1|0,00|0,00||45512,50|5461,50|0,00|0,00|0,00|750,96|3458,95|||
|C170|1|101020001|MILHO EM GRAOS|36410,0000|KG|45512,50|0,00|0|000|2102|166|45512,50|12,00|5461,50|0,00|0,00|0,00|0|||0,00|0,00|0,00|56|45512,50|1,6500|0,00|0,0000|750,96|56|45512,50|7,6000|0,00|0,0000|3458,95||0,00|
|C190|000|2102|12,00|45512,50|45512,50|5461,50|0,00|0,00|0|00,00||
|C100|0|1|017305500003900|55|00|1|621|35251001730550000390550010000006211003727923|21102025|21102025|62400,00|1|0,00||62400,00|1|0,00|0,00||62400,00|7488,00|0,00|0,00|0,00|1029,60|4742,40|||
|C170|1|101020001|MILHO EM GRAOS|49920,0000|KG|62400,00|0,00|0|000|2102|166|62400,00|12,00|7488,00|0,00|0,00|0,00|0|||0,00|0,00|0,00|56|62400,00|1,6500|0,00|0,0000|1029,60|56|62400,00|7,6000|0,00|0,0000|4742,40||0,00|
|C190|000|2102|12,00|62400,00|62400,00|7488,00|0,00|0,00|0|00,00||
|C100|0|1|017305500003900|55|00|1|622|35251001730550000390550010000006221003727920|21102025|21102025|45975,00|1|0,00||45975,00|1|0,00|0,00||45975,00|5517,00|0,00|0,00|0,00|758,59|3494,10|||
|C170|1|101020001|MILHO EM GRAOS|36780,0000|KG|45975,00|0,00|0|000|2102|166|45975,00|12,00|5517,00|0,00|0,00|0,00|0|||0,00|0,00|0,00|56|45975,00|1,6500|0,00|0,0000|758,59|56|45975,00|7,6000|0,00|0,0000|3494,10||0,00|
|C190|000|2102|12,00|45975,00|45975,00|5517,00|0,00|0,00|0|00,00||
|C100|0|1|017305500003900|55|00|1|623|35251001730550000390550010000006231003727928|21102025|22102025|44850,00|1|0,00||44850,00|1|0,00|0,00||44850,00|5382,00|0,00|0,00|0,00|740,03|3408,60|||
|C170|1|101020001|MILHO EM GRAOS|35880,0000|KG|44850,00|0,00|0|000|2102|166|44850,00|12,00|5382,00|0,00|0,00|0,00|0|||0,00|0,00|0,00|56|44850,00|1,6500|0,00|0,0000|740,03|56|44850,00|7,6000|0,00|0,0000|3408,60||0,00|
|C190|000|2102|12,00|44850,00|44850,00|5382,00|0,00|0,00|0|00,00||
|C100|0|1|017305500003900|55|00|1|624|35251001730550000390550010000006241003727925|21102025|22102025|39325,00|1|0,00||39325,00|1|0,00|0,00||39325,00|4719,00|0,00|0,00|0,00|648,86|2988,70|||
|C170|1|101020001|MILHO EM GRAOS|31460,0000|KG|39325,00|0,00|0|000|2102|166|39325,00|12,00|4719,00|0,00|0,00|0,00|0|||0,00|0,00|0,00|56|39325,00|1,6500|0,00|0,0000|648,86|56|39325,00|7,6000|0,00|0,0000|2988,70||0,00|
|C190|000|2102|12,00|39325,00|39325,00|4719,00|0,00|0,00|0|00,00||
|C100|0|1|017305500003900|55|00|1|625|35251001730550000390550010000006251003727922|21102025|22102025|39487,50|1|0,00||39487,50|1|0,00|0,00||39487,50|4738,50|0,00|0,00|0,00|651,54|3001,05|||
|C170|1|101020001|MILHO EM GRAOS|31590,0000|KG|39487,50|0,00|0|000|2102|166|39487,50|12,00|4738,50|0,00|0,00|0,00|0|||0,00|0,00|0,00|56|39487,50|1,6500|0,00|0,0000|651,54|56|39487,50|7,6000|0,00|0,0000|3001,05||0,00|
|C190|000|2102|12,00|39487,50|39487,50|4738,50|0,00|0,00|0|00,00||
|C100|0|1|017305500003900|55|00|1|626|35251001730550000390550010000006261003727920|21102025|22102025|49312,50|1|0,00||49312,50|1|0,00|0,00||49312,50|5917,50|0,00|0,00|0,00|813,66|3747,75|||
|C170|1|101020001|MILHO EM GRAOS|39450,0000|KG|49312,50|0,00|0|000|2102|166|49312,50|12,00|5917,50|0,00|0,00|0,00|0|||0,00|0,00|0,00|56|49312,50|1,6500|0,00|0,0000|813,66|56|49312,50|7,6000|0,00|0,0000|3747,75||0,00|
|C190|000|2102|12,00|49312,50|49312,50|5917,50|0,00|0,00|0|00,00||
|C100|0|1|017305500003900|55|00|1|627|35251001730550000390550010000006271003727927|21102025|22102025|49112,50|1|0,00||49112,50|1|0,00|0,00||49112,50|5893,50|0,00|0,00|0,00|810,36|3732,55|||
|C170|1|101020001|MILHO EM GRAOS|39290,0000|KG|49112,50|0,00|0|000|2102|166|49112,50|12,00|5893,50|0,00|0,00|0,00|0|||0,00|0,00|0,00|56|49112,50|1,6500|0,00|0,0000|810,36|56|49112,50|7,6000|0,00|0,0000|3732,55||0,00|
|C190|000|2102|12,00|49112,50|49112,50|5893,50|0,00|0,00|0|00,00||
|C100|0|1|017305500003900|55|00|1|628|35251001730550000390550010000006281003727924|21102025|22102025|46187,50|1|0,00||46187,50|1|0,00|0,00||46187,50|5542,50|0,00|0,00|0,00|762,09|3510,25|||
|C170|1|101020001|MILHO EM GRAOS|36950,0000|KG|46187,50|0,00|0|000|2102|166|46187,50|12,00|5542,50|0,00|0,00|0,00|0|||0,00|0,00|0,00|56|46187,50|1,6500|0,00|0,0000|762,09|56|46187,50|7,6000|0,00|0,0000|3510,25||0,00|
|C190|000|2102|12,00|46187,50|46187,50|5542,50|0,00|0,00|0|00,00||
|C100|0|1|017305500003900|55|00|1|629|35251001730550000390550010000006291003727921|21102025|22102025|39700,00|1|0,00||39700,00|1|0,00|0,00||39700,00|4764,00|0,00|0,00|0,00|655,05|3017,20|||
|C170|1|101020001|MILHO EM GRAOS|31760,0000|KG|39700,00|0,00|0|000|2102|166|39700,00|12,00|4764,00|0,00|0,00|0,00|0|||0,00|0,00|0,00|56|39700,00|1,6500|0,00|0,0000|655,05|56|39700,00|7,6000|0,00|0,0000|3017,20||0,00|
|C190|000|2102|12,00|39700,00|39700,00|4764,00|0,00|0,00|0|00,00||
|C100|0|1|017305500003900|55|00|1|630|35251001730550000390550010000006301003727922|21102025|22102025|45250,00|1|0,00||45250,00|1|0,00|0,00||45250,00|5430,00|0,00|0,00|0,00|746,63|3439,00|||
|C170|1|101020001|MILHO EM GRAOS|36200,0000|KG|45250,00|0,00|0|000|2102|166|45250,00|12,00|5430,00|0,00|0,00|0,00|0|||0,00|0,00|0,00|56|45250,00|1,6500|0,00|0,0000|746,63|56|45250,00|7,6000|0,00|0,0000|3439,00||0,00|
|C190|000|2102|12,00|45250,00|45250,00|5430,00|0,00|0,00|0|00,00||
|C100|0|1|017305500003900|55|00|1|631|35251001730550000390550010000006311003727920|22102025|22102025|46400,00|1|0,00||46400,00|1|0,00|0,00||46400,00|5568,00|0,00|0,00|0,00|765,60|3526,40|||
|C170|1|101020001|MILHO EM GRAOS|37120,0000|KG|46400,00|0,00|0|000|2102|166|46400,00|12,00|5568,00|0,00|0,00|0,00|0|||0,00|0,00|0,00|56|46400,00|1,6500|0,00|0,0000|765,60|56|46400,00|7,6000|0,00|0,0000|3526,40||0,00|
|C190|000|2102|12,00|46400,00|46400,00|5568,00|0,00|0,00|0|00,00||
|C100|0|1|017305500003900|55|00|1|632|35251001730550000390550010000006321003727927|22102025|22102025|49287,50|1|0,00||49287,50|1|0,00|0,00||49287,50|5914,50|0,00|0,00|0,00|813,24|3745,85|||
|C170|1|101020001|MILHO EM GRAOS|39430,0000|KG|49287,50|0,00|0|000|2102|166|49287,50|12,00|5914,50|0,00|0,00|0,00|0|||0,00|0,00|0,00|56|49287,50|1,6500|0,00|0,0000|813,24|56|49287,50|7,6000|0,00|0,0000|3745,85||0,00|
|C190|000|2102|12,00|49287,50|49287,50|5914,50|0,00|0,00|0|00,00||
|C100|0|1|017305500003900|55|00|1|633|35251001730550000390550010000006331003727924|22102025|22102025|39537,50|1|0,00||39537,50|1|0,00|0,00||39537,50|4744,50|0,00|0,00|0,00|652,37|3004,85|||
|C170|1|101020001|MILHO EM GRAOS|31630,0000|KG|39537,50|0,00|0|000|2102|166|39537,50|12,00|4744,50|0,00|0,00|0,00|0|||0,00|0,00|0,00|56|39537,50|1,6500|0,00|0,0000|652,37|56|39537,50|7,6000|0,00|0,0000|3004,85||0,00|
|C190|000|2102|12,00|39537,50|39537,50|4744,50|0,00|0,00|0|00,00||
|C100|0|1|017305500003900|55|00|1|634|35251001730550000390550010000006341003727921|22102025|22102025|38975,00|1|0,00||38975,00|1|0,00|0,00||38975,00|4677,00|0,00|0,00|0,00|643,09|2962,10|||
|C170|1|101020001|MILHO EM GRAOS|31180,0000|KG|38975,00|0,00|0|000|2102|166|38975,00|12,00|4677,00|0,00|0,00|0,00|0|||0,00|0,00|0,00|56|38975,00|1,6500|0,00|0,0000|643,09|56|38975,00|7,6000|0,00|0,0000|2962,10||0,00|
|C190|000|2102|12,00|38975,00|38975,00|4677,00|0,00|0,00|0|00,00||
|C100|0|1|017305500003900|55|00|1|635|35251001730550000390550010000006351003727929|22102025|22102025|39900,00|1|0,00||39900,00|1|0,00|0,00||39900,00|4788,00|0,00|0,00|0,00|658,35|3032,40|||
|C170|1|101020001|MILHO EM GRAOS|31920,0000|KG|39900,00|0,00|0|000|2102|166|39900,00|12,00|4788,00|0,00|0,00|0,00|0|||0,00|0,00|0,00|56|39900,00|1,6500|0,00|0,0000|658,35|56|39900,00|7,6000|0,00|0,0000|3032,40||0,00|
|C190|000|2102|12,00|39900,00|39900,00|4788,00|0,00|0,00|0|00,00||
|C100|0|1|017305500003900|55|00|1|637|35251001730550000390550010000006371003727923|22102025|24102025|61500,00|1|0,00||61500,00|1|0,00|0,00||61500,00|7380,00|0,00|0,00|0,00|1014,75|4674,00|||
|C170|1|101020001|MILHO EM GRAOS|49200,0000|KG|61500,00|0,00|0|000|2102|166|61500,00|12,00|7380,00|0,00|0,00|0,00|0|||0,00|0,00|0,00|56|61500,00|1,6500|0,00|0,0000|1014,75|56|61500,00|7,6000|0,00|0,0000|4674,00||0,00|
|C190|000|2102|12,00|61500,00|61500,00|7380,00|0,00|0,00|0|00,00||
|C100|0|1|017305500003900|55|00|1|639|35251001730550000390550010000006391003727928|22102025|24102025|45125,00|1|0,00||45125,00|1|0,00|0,00||45125,00|5415,00|0,00|0,00|0,00|744,56|3429,50|||
|C170|1|101020001|MILHO EM GRAOS|36100,0000|KG|45125,00|0,00|0|000|2102|166|45125,00|12,00|5415,00|0,00|0,00|0,00|0|||0,00|0,00|0,00|56|45125,00|1,6500|0,00|0,0000|744,56|56|45125,00|7,6000|0,00|0,0000|3429,50||0,00|
|C190|000|2102|12,00|45125,00|45125,00|5415,00|0,00|0,00|0|00,00||
|C100|0|1|017305500003900|55|00|1|640|35251001730550000390550010000006401003727929|22102025|24102025|44850,00|1|0,00||44850,00|1|0,00|0,00||44850,00|5382,00|0,00|0,00|0,00|740,03|3408,60|||
|C170|1|101020001|MILHO EM GRAOS|35880,0000|KG|44850,00|0,00|0|000|2102|166|44850,00|12,00|5382,00|0,00|0,00|0,00|0|||0,00|0,00|0,00|56|44850,00|1,6500|0,00|0,0000|740,03|56|44850,00|7,6000|0,00|0,0000|3408,60||0,00|
|C190|000|2102|12,00|44850,00|44850,00|5382,00|0,00|0,00|0|00,00||
|C100|0|1|017305500003900|55|00|1|641|35251001730550000390550010000006411003727926|22102025|24102025|45200,00|1|0,00||45200,00|1|0,00|0,00||45200,00|5424,00|0,00|0,00|0,00|745,80|3435,20|||
|C170|1|101020001|MILHO EM GRAOS|36160,0000|KG|45200,00|0,00|0|000|2102|166|45200,00|12,00|5424,00|0,00|0,00|0,00|0|||0,00|0,00|0,00|56|45200,00|1,6500|0,00|0,0000|745,80|56|45200,00|7,6000|0,00|0,0000|3435,20||0,00|
|C190|000|2102|12,00|45200,00|45200,00|5424,00|0,00|0,00|0|00,00||
|C100|0|1|017305500003900|55|00|1|653|35251001730550000390550010000006531003727927|23102025|24102025|46475,00|1|0,00||46475,00|1|0,00|0,00||46475,00|5577,00|0,00|0,00|0,00|766,84|3532,10|||
|C170|1|101020001|MILHO EM GRAOS|37180,0000|KG|46475,00|0,00|0|000|2102|166|46475,00|12,00|5577,00|0,00|0,00|0,00|0|||0,00|0,00|0,00|56|46475,00|1,6500|0,00|0,0000|766,84|56|46475,00|7,6000|0,00|0,0000|3532,10||0,00|
|C190|000|2102|12,00|46475,00|46475,00|5577,00|0,00|0,00|0|00,00||
|C100|0|1|017305500003900|55|00|1|654|35251001730550000390550010000006541003727924|23102025|24102025|45725,00|1|0,00||45725,00|1|0,00|0,00||45725,00|5487,00|0,00|0,00|0,00|754,46|3475,10|||
|C170|1|101020001|MILHO EM GRAOS|36580,0000|KG|45725,00|0,00|0|000|2102|166|45725,00|12,00|5487,00|0,00|0,00|0,00|0|||0,00|0,00|0,00|56|45725,00|1,6500|0,00|0,0000|754,46|56|45725,00|7,6000|0,00|0,0000|3475,10||0,00|
|C190|000|2102|12,00|45725,00|45725,00|5487,00|0,00|0,00|0|00,00||
|C100|0|1|017305500003900|55|00|1|655|35251001730550000390550010000006551003727921|23102025|24102025|44275,00|1|0,00||44275,00|1|0,00|0,00||44275,00|5313,00|0,00|0,00|0,00|730,54|3364,90|||
|C170|1|101020001|MILHO EM GRAOS|35420,0000|KG|44275,00|0,00|0|000|2102|166|44275,00|12,00|5313,00|0,00|0,00|0,00|0|||0,00|0,00|0,00|56|44275,00|1,6500|0,00|0,0000|730,54|56|44275,00|7,6000|0,00|0,0000|3364,90||0,00|
|C190|000|2102|12,00|44275,00|44275,00|5313,00|0,00|0,00|0|00,00||
|C100|0|1|017305500003900|55|00|1|656|35251001730550000390550010000006561003727929|23102025|24102025|44875,00|1|0,00||44875,00|1|0,00|0,00||44875,00|5385,00|0,00|0,00|0,00|740,44|3410,50|||
|C170|1|101020001|MILHO EM GRAOS|35900,0000|KG|44875,00|0,00|0|000|2102|166|44875,00|12,00|5385,00|0,00|0,00|0,00|0|||0,00|0,00|0,00|56|44875,00|1,6500|0,00|0,0000|740,44|56|44875,00|7,6000|0,00|0,0000|3410,50||0,00|
|C190|000|2102|12,00|44875,00|44875,00|5385,00|0,00|0,00|0|00,00||
|C100|0|1|017305500003900|55|00|1|657|35251001730550000390550010000006571003727926|23102025|24102025|47525,00|1|0,00||47525,00|1|0,00|0,00||47525,00|5703,00|0,00|0,00|0,00|784,16|3611,90|||
|C170|1|101020001|MILHO EM GRAOS|38020,0000|KG|47525,00|0,00|0|000|2102|166|47525,00|12,00|5703,00|0,00|0,00|0,00|0|||0,00|0,00|0,00|56|47525,00|1,6500|0,00|0,0000|784,16|56|47525,00|7,6000|0,00|0,0000|3611,90||0,00|
|C190|000|2102|12,00|47525,00|47525,00|5703,00|0,00|0,00|0|00,00||
|C100|0|1|017305500003900|55|00|1|666|35251001730550000390550010000006661003727925|23102025|24102025|48975,00|1|0,00||48975,00|1|0,00|0,00||48975,00|5877,00|0,00|0,00|0,00|808,09|3722,10|||
|C170|1|101020001|MILHO EM GRAOS|39180,0000|KG|48975,00|0,00|0|000|2102|166|48975,00|12,00|5877,00|0,00|0,00|0,00|0|||0,00|0,00|0,00|56|48975,00|1,6500|0,00|0,0000|808,09|56|48975,00|7,6000|0,00|0,0000|3722,10||0,00|
|C190|000|2102|12,00|48975,00|48975,00|5877,00|0,00|0,00|0|00,00||
|C100|0|1|017305500003900|55|00|1|667|35251001730550000390550010000006671003727922|23102025|24102025|47525,00|1|0,00||47525,00|1|0,00|0,00||47525,00|5703,00|0,00|0,00|0,00|784,16|3611,90|||
|C170|1|101020001|MILHO EM GRAOS|38020,0000|KG|47525,00|0,00|0|000|2102|166|47525,00|12,00|5703,00|0,00|0,00|0,00|0|||0,00|0,00|0,00|56|47525,00|1,6500|0,00|0,0000|784,16|56|47525,00|7,6000|0,00|0,0000|3611,90||0,00|
|C190|000|2102|12,00|47525,00|47525,00|5703,00|0,00|0,00|0|00,00||
|C100|0|1|017305500003900|55|00|1|668|35251001730550000390550010000006681003727920|23102025|24102025|38950,00|1|0,00||38950,00|1|0,00|0,00||38950,00|4674,00|0,00|0,00|0,00|642,68|2960,20|||
|C170|1|101020001|MILHO EM GRAOS|31160,0000|KG|38950,00|0,00|0|000|2102|166|38950,00|12,00|4674,00|0,00|0,00|0,00|0|||0,00|0,00|0,00|56|38950,00|1,6500|0,00|0,0000|642,68|56|38950,00|7,6000|0,00|0,0000|2960,20||0,00|
|C190|000|2102|12,00|38950,00|38950,00|4674,00|0,00|0,00|0|00,00||
|C100|0|1|017305500003900|55|00|1|669|35251001730550000390550010000006691003727927|23102025|24102025|49150,00|1|0,00||49150,00|1|0,00|0,00||49150,00|5898,00|0,00|0,00|0,00|810,98|3735,40|||
|C170|1|101020001|MILHO EM GRAOS|39320,0000|KG|49150,00|0,00|0|000|2102|166|49150,00|12,00|5898,00|0,00|0,00|0,00|0|||0,00|0,00|0,00|56|49150,00|1,6500|0,00|0,0000|810,98|56|49150,00|7,6000|0,00|0,0000|3735,40||0,00|
|C190|000|2102|12,00|49150,00|49150,00|5898,00|0,00|0,00|0|00,00||
|C100|0|1|017305500003900|55|00|1|670|35251001730550000390550010000006701003727928|23102025|24102025|39375,00|1|0,00||39375,00|1|0,00|0,00||39375,00|4725,00|0,00|0,00|0,00|649,69|2992,50|||
|C170|1|101020001|MILHO EM GRAOS|31500,0000|KG|39375,00|0,00|0|000|2102|166|39375,00|12,00|4725,00|0,00|0,00|0,00|0|||0,00|0,00|0,00|56|39375,00|1,6500|0,00|0,0000|649,69|56|39375,00|7,6000|0,00|0,0000|2992,50||0,00|
|C190|000|2102|12,00|39375,00|39375,00|4725,00|0,00|0,00|0|00,00||
|C100|0|1|017305500003900|55|00|1|681|35251001730550000390550010000006811003727921|24102025|27102025|48525,00|1|0,00||48525,00|1|0,00|0,00||48525,00|5823,00|0,00|0,00|0,00|800,66|3687,90|||
|C170|1|101020001|MILHO EM GRAOS|38820,0000|KG|48525,00|0,00|0|000|2102|166|48525,00|12,00|5823,00|0,00|0,00|0,00|0|||0,00|0,00|0,00|56|48525,00|1,6500|0,00|0,0000|800,66|56|48525,00|7,6000|0,00|0,0000|3687,90||0,00|
|C190|000|2102|12,00|48525,00|48525,00|5823,00|0,00|0,00|0|00,00||
|C100|0|1|017305500003900|55|00|1|682|35251001730550000390550010000006821003727929|24102025|27102025|46500,00|1|0,00||46500,00|1|0,00|0,00||46500,00|5580,00|0,00|0,00|0,00|767,25|3534,00|||
|C170|1|101020001|MILHO EM GRAOS|37200,0000|KG|46500,00|0,00|0|000|2102|166|46500,00|12,00|5580,00|0,00|0,00|0,00|0|||0,00|0,00|0,00|56|46500,00|1,6500|0,00|0,0000|767,25|56|46500,00|7,6000|0,00|0,0000|3534,00||0,00|
|C190|000|2102|12,00|46500,00|46500,00|5580,00|0,00|0,00|0|00,00||
|C100|0|1|017305500003900|55|00|1|683|35251001730550000390550010000006831003727926|24102025|27102025|49925,00|1|0,00||49925,00|1|0,00|0,00||49925,00|5991,00|0,00|0,00|0,00|823,76|3794,30|||
|C170|1|101020001|MILHO EM GRAOS|39940,0000|KG|49925,00|0,00|0|000|2102|166|49925,00|12,00|5991,00|0,00|0,00|0,00|0|||0,00|0,00|0,00|56|49925,00|1,6500|0,00|0,0000|823,76|56|49925,00|7,6000|0,00|0,0000|3794,30||0,00|
|C190|000|2102|12,00|49925,00|49925,00|5991,00|0,00|0,00|0|00,00||
|C100|0|1|017305500003900|55|00|1|684|35251001730550000390550010000006841003727923|24102025|27102025|44875,00|1|0,00||44875,00|1|0,00|0,00||44875,00|5385,00|0,00|0,00|0,00|740,44|3410,50|||
|C170|1|101020001|MILHO EM GRAOS|35900,0000|KG|44875,00|0,00|0|000|2102|166|44875,00|12,00|5385,00|0,00|0,00|0,00|0|||0,00|0,00|0,00|56|44875,00|1,6500|0,00|0,0000|740,44|56|44875,00|7,6000|0,00|0,0000|3410,50||0,00|
|C190|000|2102|12,00|44875,00|44875,00|5385,00|0,00|0,00|0|00,00||
|C100|0|1|017305500003900|55|00|1|685|35251001730550000390550010000006851003727920|24102025|27102025|45200,00|1|0,00||45200,00|1|0,00|0,00||45200,00|5424,00|0,00|0,00|0,00|745,80|3435,20|||
|C170|1|101020001|MILHO EM GRAOS|36160,0000|KG|45200,00|0,00|0|000|2102|166|45200,00|12,00|5424,00|0,00|0,00|0,00|0|||0,00|0,00|0,00|56|45200,00|1,6500|0,00|0,0000|745,80|56|45200,00|7,6000|0,00|0,0000|3435,20||0,00|
|C190|000|2102|12,00|45200,00|45200,00|5424,00|0,00|0,00|0|00,00||
|C100|0|1|019117610002490|55|00|2|91528|41250901911761000249550020000915281212805618|23092025|02102025|84483,33|1|0,00||84483,33|1|0,00|0,00||0,00|0,00|0,00|0,00|0,00|0,00|0,00|||
|C170|1|101010008|SOJA INTACTA - PARTICIPANTE|37000,0000|KG|84483,33|0,00|0|051|1102|11|0,00|0,00|0,00|0,00|0,00|0,00|0|||0,00|0,00|0,00|72|0,00|0,0000|0,00|0,0000|0,00|72|0,00|0,0000|0,00|0,0000|0,00||0,00|
|C190|051|1102|0,00|84483,33|0,00|0,00|0,00|0,00|0|00,00||
|C100|0|1|019117610002490|55|00|2|91531|41250901911761000249550020000915311151731720|23092025|02102025|91607,33|1|0,00||91607,33|1|0,00|0,00||0,00|0,00|0,00|0,00|0,00|0,00|0,00|||
|C170|1|101010008|SOJA INTACTA - PARTICIPANTE|40120,0000|KG|91607,33|0,00|0|051|1102|11|0,00|0,00|0,00|0,00|0,00|0,00|0|||0,00|0,00|0,00|72|0,00|0,0000|0,00|0,0000|0,00|72|0,00|0,0000|0,00|0,0000|0,00||0,00|
|C190|051|1102|0,00|91607,33|0,00|0,00|0,00|0,00|0|00,00||
|C100|0|1|019117610002490|55|00|2|91764|41251001911761000249550020000917641138695327|17102025|22102025|84711,67|1|0,00||84711,67|0|0,00|0,00||0,00|0,00|0,00|0,00|0,00|0,00|0,00|||
|C170|1|101010008|SOJA INTACTA - PARTICIPANTE|37100,0000|KG|84711,67|0,00|0|051|1102|11|0,00|0,00|0,00|0,00|0,00|0,00|0|||0,00|0,00|0,00|72|0,00|0,0000|0,00|0,0000|0,00|72|0,00|0,0000|0,00|0,0000|0,00||0,00|
|C190|051|1102|0,00|84711,67|0,00|0,00|0,00|0,00|0|00,00||
|C100|0|0|019117610003200|55|00|2|1|41251062747840000170550020000000011618052208|06102025|06102025|233010,00|1|0,00||233010,00|1|0,00|0,00||0,00|0,00|0,00|0,00|0,00|0,00|0,00|||
|C190|050|1907|0,00|233010,00|0,00|0,00|0,00|0,00|0|00,00||
|C100|0|1|019117610003200|55|00|4|24227|41251001911761000320550040000242271862349260|02102025|03102025|80578,67|1|0,00||80578,67|1|0,00|0,00||0,00|0,00|0,00|0,00|0,00|0,00|0,00|||
|C170|1|101010008|SOJA INTACTA - PARTICIPANTE|36080,0000|KG|80578,67|0,00|0|051|1102|11|0,00|0,00|0,00|0,00|0,00|0,00|0|||0,00|0,00|0,00|72|0,00|0,0000|0,00|0,0000|0,00|72|0,00|0,0000|0,00|0,0000|0,00||0,00|
|C190|051|1102|0,00|80578,67|0,00|0,00|0,00|0,00|0|00,00||
|C100|0|1|019117610003200|55|00|4|24229|41251001911761000320550040000242291582538394|03102025|03102025|70126,67|1|0,00||70126,67|1|0,00|0,00||0,00|0,00|0,00|0,00|0,00|0,00|0,00|||
|C170|1|101010008|SOJA INTACTA - PARTICIPANTE|31400,0000|KG|70126,67|0,00|0|051|1102|11|0,00|0,00|0,00|0,00|0,00|0,00|0|||0,00|0,00|0,00|72|0,00|0,0000|0,00|0,0000|0,00|72|0,00|0,0000|0,00|0,0000|0,00||0,00|
|C190|051|1102|0,00|70126,67|0,00|0,00|0,00|0,00|0|00,00||
|C100|0|1|019117610003200|55|00|4|24233|41251001911761000320550040000242331485518174|03102025|03102025|68250,67|1|0,00||68250,67|1|0,00|0,00||0,00|0,00|0,00|0,00|0,00|0,00|0,00|||
|C170|1|101010008|SOJA INTACTA - PARTICIPANTE|30560,0000|KG|68250,67|0,00|0|051|1102|11|0,00|0,00|0,00|0,00|0,00|0,00|0|||0,00|0,00|0,00|72|0,00|0,0000|0,00|0,0000|0,00|72|0,00|0,0000|0,00|0,0000|0,00||0,00|
|C190|051|1102|0,00|68250,67|0,00|0,00|0,00|0,00|0|00,00||
|C100|0|1|019117610003200|55|00|4|24236|41251001911761000320550040000242361005775943|06102025|06102025|80846,67|1|0,00||80846,67|1|0,00|0,00||0,00|0,00|0,00|0,00|0,00|0,00|0,00|||
|C170|1|101010008|SOJA INTACTA - PARTICIPANTE|36200,0000|KG|80846,67|0,00|0|051|1102|11|0,00|0,00|0,00|0,00|0,00|0,00|0|||0,00|0,00|0,00|72|0,00|0,0000|0,00|0,0000|0,00|72|0,00|0,0000|0,00|0,0000|0,00||0,00|
|C190|051|1102|0,00|80846,67|0,00|0,00|0,00|0,00|0|00,00||
|C100|0|1|019117610003200|55|00|4|24237|41251001911761000320550040000242371667777298|06102025|06102025|70886,00|1|0,00||70886,00|1|0,00|0,00||0,00|0,00|0,00|0,00|0,00|0,00|0,00|||
|C170|1|101010008|SOJA INTACTA - PARTICIPANTE|31740,0000|KG|70886,00|0,00|0|051|1102|11|0,00|0,00|0,00|0,00|0,00|0,00|0|||0,00|0,00|0,00|72|0,00|0,0000|0,00|0,0000|0,00|72|0,00|0,0000|0,00|0,0000|0,00||0,00|
|C190|051|1102|0,00|70886,00|0,00|0,00|0,00|0,00|0|00,00||
|C100|0|1|019117610003200|55|00|4|24245|41251001911761000320550040000242451629950001|06102025|06102025|89065,33|1|0,00||89065,33|1|0,00|0,00||0,00|0,00|0,00|0,00|0,00|0,00|0,00|||
|C170|1|101010008|SOJA INTACTA - PARTICIPANTE|39880,0000|KG|89065,33|0,00|0|051|1102|11|0,00|0,00|0,00|0,00|0,00|0,00|0|||0,00|0,00|0,00|72|0,00|0,0000|0,00|0,0000|0,00|72|0,00|0,0000|0,00|0,0000|0,00||0,00|
|C190|051|1102|0,00|89065,33|0,00|0,00|0,00|0,00|0|00,00||
|C100|0|1|019117610003200|55|00|4|24252|41251001911761000320550040000242521265607700|06102025|06102025|89422,67|1|0,00||89422,67|1|0,00|0,00||0,00|0,00|0,00|0,00|0,00|0,00|0,00|||
|C170|1|101010008|SOJA INTACTA - PARTICIPANTE|40040,0000|KG|89422,67|0,00|0|051|1102|11|0,00|0,00|0,00|0,00|0,00|0,00|0|||0,00|0,00|0,00|72|0,00|0,0000|0,00|0,0000|0,00|72|0,00|0,0000|0,00|0,0000|0,00||0,00|
|C190|051|1102|0,00|89422,67|0,00|0,00|0,00|0,00|0|00,00||
|C100|0|1|019117610003200|55|00|4|24253|41251001911761000320550040000242531001563756|06102025|06102025|82633,33|1|0,00||82633,33|1|0,00|0,00||0,00|0,00|0,00|0,00|0,00|0,00|0,00|||
|C170|1|101010008|SOJA INTACTA - PARTICIPANTE|37000,0000|KG|82633,33|0,00|0|051|1102|11|0,00|0,00|0,00|0,00|0,00|0,00|0|||0,00|0,00|0,00|72|0,00|0,0000|0,00|0,0000|0,00|72|0,00|0,0000|0,00|0,0000|0,00||0,00|
|C190|051|1102|0,00|82633,33|0,00|0,00|0,00|0,00|0|00,00||
|C100|0|1|019117610003200|55|00|4|24257|41251001911761000320550040000242571285772435|06102025|06102025|82812,00|1|0,00||82812,00|1|0,00|0,00||0,00|0,00|0,00|0,00|0,00|0,00|0,00|||
|C170|1|101010008|SOJA INTACTA - PARTICIPANTE|37080,0000|KG|82812,00|0,00|0|051|1102|11|0,00|0,00|0,00|0,00|0,00|0,00|0|||0,00|0,00|0,00|72|0,00|0,0000|0,00|0,0000|0,00|72|0,00|0,0000|0,00|0,0000|0,00||0,00|
|C190|051|1102|0,00|82812,00|0,00|0,00|0,00|0,00|0|00,00||
|C100|0|1|019117610003200|55|00|4|24259|41251001911761000320550040000242591230902099|07102025|07102025|110371,33|1|0,00||110371,33|1|0,00|0,00||0,00|0,00|0,00|0,00|0,00|0,00|0,00|||
|C170|1|101010008|SOJA INTACTA - PARTICIPANTE|49420,0000|KG|110371,33|0,00|0|051|1102|11|0,00|0,00|0,00|0,00|0,00|0,00|0|||0,00|0,00|0,00|72|0,00|0,0000|0,00|0,0000|0,00|72|0,00|0,0000|0,00|0,0000|0,00||0,00|
|C190|051|1102|0,00|110371,33|0,00|0,00|0,00|0,00|0|00,00||
|C100|0|1|019117610003200|55|00|4|24261|41251001911761000320550040000242611797695483|07102025|07102025|88395,33|1|0,00||88395,33|1|0,00|0,00||0,00|0,00|0,00|0,00|0,00|0,00|0,00|||
|C170|1|101010008|SOJA INTACTA - PARTICIPANTE|39580,0000|KG|88395,33|0,00|0|051|1102|11|0,00|0,00|0,00|0,00|0,00|0,00|0|||0,00|0,00|0,00|72|0,00|0,0000|0,00|0,0000|0,00|72|0,00|0,0000|0,00|0,0000|0,00||0,00|
|C190|051|1102|0,00|88395,33|0,00|0,00|0,00|0,00|0|00,00||
|C100|0|1|019117610003200|55|00|4|24266|41251001911761000320550040000242661127246952|07102025|07102025|82856,67|1|0,00||82856,67|1|0,00|0,00||0,00|0,00|0,00|0,00|0,00|0,00|0,00|||
|C170|1|101010008|SOJA INTACTA - PARTICIPANTE|37100,0000|KG|82856,67|0,00|0|051|1102|11|0,00|0,00|0,00|0,00|0,00|0,00|0|||0,00|0,00|0,00|72|0,00|0,0000|0,00|0,0000|0,00|72|0,00|0,0000|0,00|0,0000|0,00||0,00|
|C190|051|1102|0,00|82856,67|0,00|0,00|0,00|0,00|0|00,00||
|C100|0|1|019117610003200|55|00|4|24267|41251001911761000320550040000242671818311070|07102025|07102025|89199,33|1|0,00||89199,33|1|0,00|0,00||0,00|0,00|0,00|0,00|0,00|0,00|0,00|||
|C170|1|101010008|SOJA INTACTA - PARTICIPANTE|39940,0000|KG|89199,33|0,00|0|051|1102|11|0,00|0,00|0,00|0,00|0,00|0,00|0|||0,00|0,00|0,00|72|0,00|0,0000|0,00|0,0000|0,00|72|0,00|0,0000|0,00|0,0000|0,00||0,00|
|C190|051|1102|0,00|89199,33|0,00|0,00|0,00|0,00|0|00,00||
|C100|0|1|019117610003200|55|00|4|24272|41251001911761000320550040000242721566873339|07102025|07102025|70484,00|1|0,00||70484,00|1|0,00|0,00||0,00|0,00|0,00|0,00|0,00|0,00|0,00|||
|C170|1|101010008|SOJA INTACTA - PARTICIPANTE|31560,0000|KG|70484,00|0,00|0|051|1102|11|0,00|0,00|0,00|0,00|0,00|0,00|0|||0,00|0,00|0,00|72|0,00|0,0000|0,00|0,0000|0,00|72|0,00|0,0000|0,00|0,0000|0,00||0,00|
|C190|051|1102|0,00|70484,00|0,00|0,00|0,00|0,00|0|00,00||
|C100|0|1|019117610003200|55|00|4|24278|41251001911761000320550040000242781240639329|07102025|07102025|81025,33|1|0,00||81025,33|1|0,00|0,00||0,00|0,00|0,00|0,00|0,00|0,00|0,00|||
|C170|1|101010008|SOJA INTACTA - PARTICIPANTE|36280,0000|KG|81025,33|0,00|0|051|1102|11|0,00|0,00|0,00|0,00|0,00|0,00|0|||0,00|0,00|0,00|72|0,00|0,0000|0,00|0,0000|0,00|72|0,00|0,0000|0,00|0,0000|0,00||0,00|
|C190|051|1102|0,00|81025,33|0,00|0,00|0,00|0,00|0|00,00||
|C100|0|1|019117610003200|55|00|4|24279|41251001911761000320550040000242791841193330|08102025|08102025|88306,00|1|0,00||88306,00|1|0,00|0,00||0,00|0,00|0,00|0,00|0,00|0,00|0,00|||
|C170|1|101010008|SOJA INTACTA - PARTICIPANTE|39540,0000|KG|88306,00|0,00|0|051|1102|11|0,00|0,00|0,00|0,00|0,00|0,00|0|||0,00|0,00|0,00|72|0,00|0,0000|0,00|0,0000|0,00|72|0,00|0,0000|0,00|0,0000|0,00||0,00|
|C190|051|1102|0,00|88306,00|0,00|0,00|0,00|0,00|0|00,00||
|C100|0|1|019117610003200|55|00|4|24281|41251001911761000320550040000242811657578290|08102025|08102025|71243,33|1|0,00||71243,33|1|0,00|0,00||0,00|0,00|0,00|0,00|0,00|0,00|0,00|||
|C170|1|101010008|SOJA INTACTA - PARTICIPANTE|31900,0000|KG|71243,33|0,00|0|051|1102|11|0,00|0,00|0,00|0,00|0,00|0,00|0|||0,00|0,00|0,00|72|0,00|0,0000|0,00|0,0000|0,00|72|0,00|0,0000|0,00|0,0000|0,00||0,00|
|C190|051|1102|0,00|71243,33|0,00|0,00|0,00|0,00|0|00,00||
|C100|0|1|019117610003200|55|00|4|24282|41251001911761000320550040000242821594561652|08102025|08102025|71020,00|1|0,00||71020,00|1|0,00|0,00||0,00|0,00|0,00|0,00|0,00|0,00|0,00|||
|C170|1|101010008|SOJA INTACTA - PARTICIPANTE|31800,0000|KG|71020,00|0,00|0|051|1102|11|0,00|0,00|0,00|0,00|0,00|0,00|0|||0,00|0,00|0,00|72|0,00|0,0000|0,00|0,0000|0,00|72|0,00|0,0000|0,00|0,0000|0,00||0,00|
|C190|051|1102|0,00|71020,00|0,00|0,00|0,00|0,00|0|00,00||
|C100|0|1|019117610003200|55|00|4|24295|41251001911761000320550040000242951766006790|08102025|08102025|70618,00|1|0,00||70618,00|1|0,00|0,00||0,00|0,00|0,00|0,00|0,00|0,00|0,00|||
|C170|1|101010008|SOJA INTACTA - PARTICIPANTE|31620,0000|KG|70618,00|0,00|0|051|1102|11|0,00|0,00|0,00|0,00|0,00|0,00|0|||0,00|0,00|0,00|72|0,00|0,0000|0,00|0,0000|0,00|72|0,00|0,0000|0,00|0,0000|0,00||0,00|
|C190|051|1102|0,00|70618,00|0,00|0,00|0,00|0,00|0|00,00||
|C100|0|1|019117610003200|55|00|4|24309|41251001911761000320550040000243091685881434|09102025|10102025|70305,33|1|0,00||70305,33|1|0,00|0,00||0,00|0,00|0,00|0,00|0,00|0,00|0,00|||
|C170|1|101010008|SOJA INTACTA - PARTICIPANTE|31480,0000|KG|70305,33|0,00|0|051|1102|11|0,00|0,00|0,00|0,00|0,00|0,00|0|||0,00|0,00|0,00|72|0,00|0,0000|0,00|0,0000|0,00|72|0,00|0,0000|0,00|0,0000|0,00||0,00|
|C190|051|1102|0,00|70305,33|0,00|0,00|0,00|0,00|0|00,00||
|C100|0|1|019117610003200|55|00|4|24311|41251001911761000320550040000243111720015112|10102025|10102025|88261,33|1|0,00||88261,33|1|0,00|0,00||0,00|0,00|0,00|0,00|0,00|0,00|0,00|||
|C170|1|101010008|SOJA INTACTA - PARTICIPANTE|39520,0000|KG|88261,33|0,00|0|051|1102|11|0,00|0,00|0,00|0,00|0,00|0,00|0|||0,00|0,00|0,00|72|0,00|0,0000|0,00|0,0000|0,00|72|0,00|0,0000|0,00|0,0000|0,00||0,00|
|C190|051|1102|0,00|88261,33|0,00|0,00|0,00|0,00|0|00,00||
|C100|0|1|019117610003200|55|00|4|24317|41251001911761000320550040000243171876787302|13102025|13102025|87904,00|1|0,00||87904,00|1|0,00|0,00||0,00|0,00|0,00|0,00|0,00|0,00|0,00|||
|C170|1|101010008|SOJA INTACTA - PARTICIPANTE|39360,0000|KG|87904,00|0,00|0|051|1102|11|0,00|0,00|0,00|0,00|0,00|0,00|0|||0,00|0,00|0,00|72|0,00|0,0000|0,00|0,0000|0,00|72|0,00|0,0000|0,00|0,0000|0,00||0,00|
|C190|051|1102|0,00|87904,00|0,00|0,00|0,00|0,00|0|00,00||
|C100|0|1|019117610003200|55|00|4|24319|41251001911761000320550040000243191457216203|13102025|13102025|86876,67|1|0,00||86876,67|1|0,00|0,00||0,00|0,00|0,00|0,00|0,00|0,00|0,00|||
|C170|1|101010008|SOJA INTACTA - PARTICIPANTE|38900,0000|KG|86876,67|0,00|0|051|1102|11|0,00|0,00|0,00|0,00|0,00|0,00|0|||0,00|0,00|0,00|72|0,00|0,0000|0,00|0,0000|0,00|72|0,00|0,0000|0,00|0,0000|0,00||0,00|
|C190|051|1102|0,00|86876,67|0,00|0,00|0,00|0,00|0|00,00||
|C100|0|1|019117610003200|55|00|4|24320|41251001911761000320550040000243201831027355|13102025|13102025|78836,67|1|0,00||78836,67|1|0,00|0,00||0,00|0,00|0,00|0,00|0,00|0,00|0,00|||
|C170|1|101010008|SOJA INTACTA - PARTICIPANTE|35300,0000|KG|78836,67|0,00|0|051|1102|11|0,00|0,00|0,00|0,00|0,00|0,00|0|||0,00|0,00|0,00|72|0,00|0,0000|0,00|0,0000|0,00|72|0,00|0,0000|0,00|0,0000|0,00||0,00|
|C190|051|1102|0,00|78836,67|0,00|0,00|0,00|0,00|0|00,00||
|C100|1|0|019117610003200|55|00|3|52|41251062747840000170550030000000521683818568|02102025|02102025|35388,00|1|0,00||35388,00|1|0,00|0,00||0,00|0,00|0,00|0,00|0,00|0,00|0,00|||
|C190|050|5905|0,00|35388,00|0,00|0,00|0,00|0,00|0|00,00||
|C100|1|0|019117610003200|55|00|3|53|41251062747840000170550030000000531128324468|02102025|02102025|28404,00|1|0,00||28404,00|1|0,00|0,00||0,00|0,00|0,00|0,00|0,00|0,00|0,00|||
|C190|050|5905|0,00|28404,00|0,00|0,00|0,00|0,00|0|00,00||
|C100|1|0|019117610003200|55|00|3|54|41251062747840000170550030000000541285967304|02102025|02102025|34938,00|1|0,00||34938,00|1|0,00|0,00||0,00|0,00|0,00|0,00|0,00|0,00|0,00|||
|C190|050|5905|0,00|34938,00|0,00|0,00|0,00|0,00|0|00,00||
|C100|1|0|019117610003200|55|00|3|56|41251062747840000170550030000000561211463706|02102025|02102025|33480,00|1|0,00||33480,00|1|0,00|0,00||0,00|0,00|0,00|0,00|0,00|0,00|0,00|||
|C190|050|5905|0,00|33480,00|0,00|0,00|0,00|0,00|0|00,00||
|C100|1|0|019117610003200|55|00|3|57|41251062747840000170550030000000571513669894|02102025|02102025|35946,00|1|0,00||35946,00|1|0,00|0,00||0,00|0,00|0,00|0,00|0,00|0,00|0,00|||
|C190|050|5905|0,00|35946,00|0,00|0,00|0,00|0,00|0|00,00||
|C100|1|0|019117610003200|55|00|3|65|41251062747840000170550030000000651611220940|03102025|03102025|32310,00|1|0,00||32310,00|1|0,00|0,00||0,00|0,00|0,00|0,00|0,00|0,00|0,00|||
|C190|050|5905|0,00|32310,00|0,00|0,00|0,00|0,00|0|00,00||
|C100|1|0|019117610003200|55|00|3|66|41251062747840000170550030000000661548839892|03102025|03102025|32544,00|1|0,00||32544,00|1|0,00|0,00||0,00|0,00|0,00|0,00|0,00|0,00|0,00|||
|C190|050|5905|0,00|32544,00|0,00|0,00|0,00|0,00|0|00,00||
|C100|0|1|053662610001430|55|00|1|41268|41250905366261000143550010000412681464025020|26092025|02102025|72240,00|1|0,00||72240,00|0|0,00|0,00||0,00|0,00|0,00|0,00|0,00|0,00|0,00|||
|C170|1|101010008|SOJA INTACTA - PARTICIPANTE|36120,0000|KG|72240,00|0,00|0|050|1907|553|0,00|0,00|0,00|0,00|0,00|0,00|0|||0,00|0,00|0,00|98|0,00|0,0000|0,00|0,0000|0,00|98|0,00|0,0000|0,00|0,0000|0,00||0,00|
|C190|050|1907|0,00|72240,00|0,00|0,00|0,00|0,00|0|00,00||
|C100|0|1|053662610001430|55|00|1|41269|41250905366261000143550010000412691174219252|25092025|02102025|63600,00|1|0,00||63600,00|0|0,00|0,00||0,00|0,00|0,00|0,00|0,00|0,00|0,00|||
|C170|1|101010008|SOJA INTACTA - PARTICIPANTE|31800,0000|KG|63600,00|0,00|0|050|1907|553|0,00|0,00|0,00|0,00|0,00|0,00|0|||0,00|0,00|0,00|98|0,00|0,0000|0,00|0,0000|0,00|98|0,00|0,0000|0,00|0,0000|0,00||0,00|
|C190|050|1907|0,00|63600,00|0,00|0,00|0,00|0,00|0|00,00||
|C100|0|1|053662610001430|55|00|1|41270|41250905366261000143550010000412701380636883|25092025|01102025|79220,00|1|0,00||79220,00|0|0,00|0,00||0,00|0,00|0,00|0,00|0,00|0,00|0,00|||
|C170|1|101010008|SOJA INTACTA - PARTICIPANTE|39610,0000|KG|79220,00|0,00|0|050|1907|553|0,00|0,00|0,00|0,00|0,00|0,00|0|||0,00|0,00|0,00|98|0,00|0,0000|0,00|0,0000|0,00|98|0,00|0,0000|0,00|0,0000|0,00||0,00|
|C190|050|1907|0,00|79220,00|0,00|0,00|0,00|0,00|0|00,00||
|C100|0|1|053662610001430|55|00|1|41275|41250905366261000143550010000412751122183327|26092025|03102025|79280,00|1|0,00||79280,00|0|0,00|0,00||0,00|0,00|0,00|0,00|0,00|0,00|0,00|||
|C170|1|101010008|SOJA INTACTA - PARTICIPANTE|39640,0000|KG|79280,00|0,00|0|050|1907|553|0,00|0,00|0,00|0,00|0,00|0,00|0|||0,00|0,00|0,00|98|0,00|0,0000|0,00|0,0000|0,00|98|0,00|0,0000|0,00|0,0000|0,00||0,00|
|C190|050|1907|0,00|79280,00|0,00|0,00|0,00|0,00|0|00,00||
|C100|0|1|053662610001430|55|00|1|41276|41250905366261000143550010000412761345367417|26092025|02102025|86720,00|1|0,00||86720,00|0|0,00|0,00||0,00|0,00|0,00|0,00|0,00|0,00|0,00|||
|C170|1|101010008|SOJA INTACTA - PARTICIPANTE|43360,0000|KG|86720,00|0,00|0|050|1907|553|0,00|0,00|0,00|0,00|0,00|0,00|0|||0,00|0,00|0,00|98|0,00|0,0000|0,00|0,0000|0,00|98|0,00|0,0000|0,00|0,0000|0,00||0,00|
|C190|050|1907|0,00|86720,00|0,00|0,00|0,00|0,00|0|00,00||
|C100|0|1|053662610001430|55|00|1|41325|41251005366261000143550010000413251730518507|10102025|10102025|4800,00|1|0,00||4800,00|1|0,00|0,00||0,00|0,00|0,00|0,00|0,00|0,00|0,00|||
|C170|1|101010008|SOJA INTACTA - PARTICIPANTE|2400,0000|KG|4800,00|0,00|0|051|1102|11|0,00|0,00|0,00|0,00|0,00|0,00|0|||0,00|0,00|0,00|72|0,00|0,0000|0,00|0,0000|0,00|72|0,00|0,0000|0,00|0,0000|0,00||0,00|
|C190|051|1102|0,00|4800,00|0,00|0,00|0,00|0,00|0|00,00||
|C100|0|0|078512470007560|55|00|2|2|41251062747840000170550020000000021966522963|07102025|07102025|43983,33|1|0,00||43983,33|1|0,00|0,00||0,00|0,00|0,00|0,00|0,00|0,00|0,00|||
|C190|051|1202|0,00|43983,33|0,00|0,00|0,00|0,00|0|00,00||
|C100|0|0|078512470007560|55|00|2|3|41251062747840000170550020000000031521861327|07102025|07102025|43050,00|1|0,00||43050,00|1|0,00|0,00||0,00|0,00|0,00|0,00|0,00|0,00|0,00|||
|C190|051|1202|0,00|43050,00|0,00|0,00|0,00|0,00|0|00,00||
|C100|0|0|078512470007560|55|00|2|4|41251062747840000170550020000000041821566328|07102025|07102025|42933,33|1|0,00||42933,33|1|0,00|0,00||0,00|0,00|0,00|0,00|0,00|0,00|0,00|||
|C190|051|1202|0,00|42933,33|0,00|0,00|0,00|0,00|0|00,00||
|C100|1|0|078512470007560|55|00|3|49|41251062747840000170550030000000491642529230|02102025|02102025|43983,33|1|0,00||43983,33|1|0,00|0,00||0,00|0,00|0,00|0,00|0,00|0,00|0,00|||
|C190|051|5102|0,00|43983,33|0,00|0,00|0,00|0,00|0|00,00||
|C100|1|0|078512470007560|55|00|3|50|41251062747840000170550030000000501866210670|02102025|02102025|42933,33|1|0,00||42933,33|1|0,00|0,00||0,00|0,00|0,00|0,00|0,00|0,00|0,00|||
|C190|051|5102|0,00|42933,33|0,00|0,00|0,00|0,00|0|00,00||
|C100|1|0|078512470007560|55|00|3|51|41251062747840000170550030000000511461380496|02102025|02102025|43050,00|1|0,00||43050,00|1|0,00|0,00||0,00|0,00|0,00|0,00|0,00|0,00|0,00|||
|C190|051|5102|0,00|43050,00|0,00|0,00|0,00|0,00|0|00,00||
|C100|1|0|078512470007560|55|00|3|58|41251062747840000170550030000000581384222683|03102025|03102025|40833,33|1|0,00||40833,33|1|0,00|0,00||0,00|0,00|0,00|0,00|0,00|0,00|0,00|||
|C190|051|5102|0,00|40833,33|0,00|0,00|0,00|0,00|0|00,00||
|C100|1|0|078512470007560|55|00|3|63|41251062747840000170550030000000631531065200|03102025|03102025|38500,00|1|0,00||38500,00|1|0,00|0,00||0,00|0,00|0,00|0,00|0,00|0,00|0,00|||
|C190|051|5102|0,00|38500,00|0,00|0,00|0,00|0,00|0|00,00||
|C100|1|0|078512470007560|55|00|3|93|41251062747840000170550030000000931450173168|07102025|07102025|38733,33|1|0,00||38733,33|1|0,00|0,00||0,00|0,00|0,00|0,00|0,00|0,00|0,00|||
|C190|051|5102|0,00|38733,33|0,00|0,00|0,00|0,00|0|00,00||
|C100|1|0|078512470007560|55|00|3|211|41251062747840000170550030000002111252982057|29102025|29102025|33833,33|1|0,00||33833,33|1|0,00|0,00||0,00|0,00|0,00|0,00|0,00|0,00|0,00|||
|C190|051|5102|0,00|33833,33|0,00|0,00|0,00|0,00|0|00,00||
|C100|1|0|078512470007560|55|00|3|215|41251062747840000170550030000002151212466006|30102025|30102025|35700,00|1|0,00||35700,00|1|0,00|0,00||0,00|0,00|0,00|0,00|0,00|0,00|0,00|||
|C190|051|5102|0,00|35700,00|0,00|0,00|0,00|0,00|0|00,00||
|C100|1|0|078512470007560|55|00|3|222|41251062747840000170550030000002221649832431|31102025|31102025|36166,67|1|0,00||36166,67|1|0,00|0,00||0,00|0,00|0,00|0,00|0,00|0,00|0,00|||
|C190|051|5102|0,00|36166,67|0,00|0,00|0,00|0,00|0|00,00||
|C100|1|0|078512470007560|55|00|3|223|41251062747840000170550030000002231586471523|31102025|31102025|30626,17|1|0,00||30626,17|1|0,00|0,00||0,00|0,00|0,00|0,00|0,00|0,00|0,00|||
|C190|051|5102|0,00|30626,17|0,00|0,00|0,00|0,00|0|00,00||
|C100|0|1|207029070001000|55|00|1|18874|50251020702907000100550010000188741100188748|07102025|13102025|42250,00|1|0,00||42250,00|1|0,00|0,00||42250,00|5070,00|0,00|0,00|0,00|0,00|0,00|||
|C170|1|101010008|SOJA INTACTA - PARTICIPANTE|39000,0000|KG|42250,00|0,00|0|000|2102|11|42250,00|12,00|5070,00|0,00|0,00|0,00|0|||0,00|0,00|0,00|72|0,00|0,0000|0,00|0,0000|0,00|72|0,00|0,0000|0,00|0,0000|0,00||0,00|
|C190|000|2102|12,00|42250,00|42250,00|5070,00|0,00|0,00|0|00,00||
|C100|0|1|207029070001000|55|00|1|18875|50251020702907000100550010000188751100188753|07102025|13102025|1083,33|1|0,00||1083,33|1|0,00|0,00||1083,33|130,00|0,00|0,00|0,00|0,00|0,00|||
|C170|1|101010008|SOJA INTACTA - PARTICIPANTE|1000,0000|KG|1083,33|0,00|0|000|2102|11|1083,33|12,00|130,00|0,00|0,00|0,00|0|||0,00|0,00|0,00|72|0,00|0,0000|0,00|0,0000|0,00|72|0,00|0,0000|0,00|0,0000|0,00||0,00|
|C190|000|2102|12,00|1083,33|1083,33|130,00|0,00|0,00|0|00,00||
|C100|0|1|207029070001000|55|00|1|18876|50251020702907000100550010000188761100188769|07102025|10102025|46150,00|1|0,00||46150,00|1|0,00|0,00||46150,00|5538,00|0,00|0,00|0,00|761,48|3507,40|||
|C170|1|101020001|MILHO EM GRAOS|39000,0000|KG|46150,00|0,00|0|000|2102|166|46150,00|12,00|5538,00|0,00|0,00|0,00|0|||0,00|0,00|0,00|56|46150,00|1,6500|0,00|0,0000|761,48|56|46150,00|7,6000|0,00|0,0000|3507,40||0,00|
|C190|000|2102|12,00|46150,00|46150,00|5538,00|0,00|0,00|0|00,00||
|C100|0|1|207029070001000|55|00|1|18877|50251020702907000100550010000188771100188774|07102025|10102025|1833,33|1|0,00||1833,33|1|0,00|0,00||1833,33|220,00|0,00|0,00|0,00|30,25|139,33|||
|C170|1|101020001|MILHO EM GRAOS|1000,0000|KG|1833,33|0,00|0|000|2102|166|1833,33|12,00|220,00|0,00|0,00|0,00|0|||0,00|0,00|0,00|56|1833,33|1,6500|0,00|0,0000|30,25|56|1833,33|7,6000|0,00|0,0000|139,33||0,00|
|C190|000|2102|12,00|1833,33|1833,33|220,00|0,00|0,00|0|00,00||
|C100|0|1|207029070001000|55|00|1|18878|50251020702907000100550010000188781100188780|07102025|10102025|89650,00|1|0,00||89650,00|1|0,00|0,00||89650,00|10758,00|0,00|0,00|0,00|1479,23|6813,40|||
|C170|1|101020001|MILHO EM GRAOS|48900,0000|KG|89650,00|0,00|0|000|2102|166|89650,00|12,00|10758,00|0,00|0,00|0,00|0|||0,00|0,00|0,00|56|89650,00|1,6500|0,00|0,0000|1479,23|56|89650,00|7,6000|0,00|0,0000|6813,40||0,00|
|C190|000|2102|12,00|89650,00|89650,00|10758,00|0,00|0,00|0|00,00||
|C100|0|1|207029070001000|55|00|1|18879|50251020702907000100550010000188791100188795|07102025|10102025|2016,67|1|0,00||2016,67|1|0,00|0,00||2016,67|242,00|0,00|0,00|0,00|33,28|153,27|||
|C170|1|101020001|MILHO EM GRAOS|1100,0000|KG|2016,67|0,00|0|000|2102|166|2016,67|12,00|242,00|0,00|0,00|0,00|0|||0,00|0,00|0,00|56|2016,67|1,6500|0,00|0,0000|33,28|56|2016,67|7,6000|0,00|0,0000|153,27||0,00|
|C190|000|2102|12,00|2016,67|2016,67|242,00|0,00|0,00|0|00,00||
|C100|0|1|207029070001000|55|00|1|18880|50251020702907000100550010000188801100188800|07102025|07102025|42250,00|1|0,00||42250,00|1|0,00|0,00||48750,00|5850,00|0,00|0,00|0,00|697,13|3211,00|||
|C170|1|101020001|MILHO EM GRAOS|39000,0000|KG|42250,00|0,00|0|000|2102|166|48750,00|12,00|5850,00|0,00|0,00|0,00|0|||0,00|0,00|0,00|56|42250,00|1,6500|0,00|0,0000|697,13|56|42250,00|7,6000|0,00|0,0000|3211,00||0,00|
|C190|000|2102|12,00|42250,00|48750,00|5850,00|0,00|0,00|0|00,00||
|C100|0|1|207029070001000|55|00|1|18881|50251020702907000100550010000188811100188815|07102025|07102025|1083,33|1|0,00||1083,33|1|0,00|0,00||1250,00|150,00|0,00|0,00|0,00|17,87|82,33|||
|C170|1|101020001|MILHO EM GRAOS|1000,0000|KG|1083,33|0,00|0|000|2102|166|1250,00|12,00|150,00|0,00|0,00|0,00|0|||0,00|0,00|0,00|56|1083,33|1,6500|0,00|0,0000|17,87|56|1083,33|7,6000|0,00|0,0000|82,33||0,00|
|C190|000|2102|12,00|1083,33|1250,00|150,00|0,00|0,00|0|00,00||
|C100|0|1|207029070001000|55|00|1|18882|50251020702907000100550010000188821100188820|07102025|07102025|52975,00|1|0,00||52975,00|1|0,00|0,00||61125,00|7335,00|0,00|0,00|0,00|874,09|4026,10|||
|C170|1|101020001|MILHO EM GRAOS|48900,0000|KG|52975,00|0,00|0|000|2102|166|61125,00|12,00|7335,00|0,00|0,00|0,00|0|||0,00|0,00|0,00|56|52975,00|1,6500|0,00|0,0000|874,09|56|52975,00|7,6000|0,00|0,0000|4026,10||0,00|
|C190|000|2102|12,00|52975,00|61125,00|7335,00|0,00|0,00|0|00,00||
|C100|0|1|207029070001000|55|00|1|18883|50251020702907000100550010000188831100188836|07102025|07102025|1191,67|1|0,00||1191,67|1|0,00|0,00||1375,00|165,00|0,00|0,00|0,00|19,66|90,57|||
|C170|1|101020001|MILHO EM GRAOS|1100,0000|KG|1191,67|0,00|0|000|2102|166|1375,00|12,00|165,00|0,00|0,00|0,00|0|||0,00|0,00|0,00|56|1191,67|1,6500|0,00|0,0000|19,66|56|1191,67|7,6000|0,00|0,0000|90,57||0,00|
|C190|000|2102|12,00|1191,67|1375,00|165,00|0,00|0,00|0|00,00||
|C100|0|1|207029070001000|55|00|1|18884|50251020702907000100550010000188841100188841|07102025|07102025|42250,00|1|0,00||42250,00|1|0,00|0,00||48750,00|5850,00|0,00|0,00|0,00|697,13|3211,00|||
|C170|1|101020001|MILHO EM GRAOS|39000,0000|KG|42250,00|0,00|0|000|2102|166|48750,00|12,00|5850,00|0,00|0,00|0,00|0|||0,00|0,00|0,00|56|42250,00|1,6500|0,00|0,0000|697,13|56|42250,00|7,6000|0,00|0,0000|3211,00||0,00|
|C190|000|2102|12,00|42250,00|48750,00|5850,00|0,00|0,00|0|00,00||
|C100|0|1|207029070001000|55|00|1|18885|50251020702907000100550010000188851100188857|07102025|07102025|1083,33|1|0,00||1083,33|1|0,00|0,00||1250,00|150,00|0,00|0,00|0,00|17,87|82,33|||
|C170|1|101020001|MILHO EM GRAOS|1000,0000|KG|1083,33|0,00|0|000|2102|166|1250,00|12,00|150,00|0,00|0,00|0,00|0|||0,00|0,00|0,00|56|1083,33|1,6500|0,00|0,0000|17,87|56|1083,33|7,6000|0,00|0,0000|82,33||0,00|
|C190|000|2102|12,00|1083,33|1250,00|150,00|0,00|0,00|0|00,00||
|C100|0|1|207029070001000|55|00|1|18886|50251020702907000100550010000188861100188862|07102025|07102025|54166,67|1|0,00||54166,67|1|0,00|0,00||62500,00|7500,00|0,00|0,00|0,00|893,75|4116,67|||
|C170|1|101020001|MILHO EM GRAOS|50000,0000|KG|54166,67|0,00|0|000|2102|166|62500,00|12,00|7500,00|0,00|0,00|0,00|0|||0,00|0,00|0,00|56|54166,67|1,6500|0,00|0,0000|893,75|56|54166,67|7,6000|0,00|0,0000|4116,67||0,00|
|C190|000|2102|12,00|54166,67|62500,00|7500,00|0,00|0,00|0|00,00||
|C100|0|1|207029070001000|55|00|1|18887|50251020702907000100550010000188871100188878|07102025|07102025|53083,33|1|0,00||53083,33|1|0,00|0,00||61250,00|7350,00|0,00|0,00|0,00|875,87|4034,33|||
|C170|1|101020001|MILHO EM GRAOS|49000,0000|KG|53083,33|0,00|0|000|2102|166|61250,00|12,00|7350,00|0,00|0,00|0,00|0|||0,00|0,00|0,00|56|53083,33|1,6500|0,00|0,0000|875,87|56|53083,33|7,6000|0,00|0,0000|4034,33||0,00|
|C190|000|2102|12,00|53083,33|61250,00|7350,00|0,00|0,00|0|00,00||
|C100|0|1|207029070001000|55|00|1|18889|50251020702907000100550010000188891100188899|07102025|07102025|53083,33|1|0,00||53083,33|1|0,00|0,00||61250,00|7350,00|0,00|0,00|0,00|875,87|4034,33|||
|C170|1|101020001|MILHO EM GRAOS|49000,0000|KG|53083,33|0,00|0|000|2102|166|61250,00|12,00|7350,00|0,00|0,00|0,00|0|||0,00|0,00|0,00|56|53083,33|1,6500|0,00|0,0000|875,87|56|53083,33|7,6000|0,00|0,0000|4034,33||0,00|
|C190|000|2102|12,00|53083,33|61250,00|7350,00|0,00|0,00|0|00,00||
|C100|0|1|207029070001000|55|00|1|18890|50251020702907000100550010000188901100188903|07102025|07102025|1083,33|1|0,00||1083,33|1|0,00|0,00||1250,00|150,00|0,00|0,00|0,00|17,87|82,33|||
|C170|1|101020001|MILHO EM GRAOS|1000,0000|KG|1083,33|0,00|0|000|2102|166|1250,00|12,00|150,00|0,00|0,00|0,00|0|||0,00|0,00|0,00|56|1083,33|1,6500|0,00|0,0000|17,87|56|1083,33|7,6000|0,00|0,0000|82,33||0,00|
|C190|000|2102|12,00|1083,33|1250,00|150,00|0,00|0,00|0|00,00||
|C100|0|1|207029070001000|55|00|1|18891|50251020702907000100550010000188911100188919|07102025|07102025|51891,67|1|0,00||51891,67|1|0,00|0,00||59875,00|7185,00|0,00|0,00|0,00|856,21|3943,77|||
|C170|1|101020001|MILHO EM GRAOS|47900,0000|KG|51891,67|0,00|0|000|2102|166|59875,00|12,00|7185,00|0,00|0,00|0,00|0|||0,00|0,00|0,00|56|51891,67|1,6500|0,00|0,0000|856,21|56|51891,67|7,6000|0,00|0,0000|3943,77||0,00|
|C190|000|2102|12,00|51891,67|59875,00|7185,00|0,00|0,00|0|00,00||
|C100|0|1|207029070001000|55|00|1|18893|50251020702907000100550010000188931100188930|07102025|07102025|2275,00|1|0,00||2275,00|1|0,00|0,00||2625,00|315,00|0,00|0,00|0,00|37,54|172,90|||
|C170|1|101020001|MILHO EM GRAOS|2100,0000|KG|2275,00|0,00|0|000|2102|166|2625,00|12,00|315,00|0,00|0,00|0,00|0|||0,00|0,00|0,00|56|2275,00|1,6500|0,00|0,0000|37,54|56|2275,00|7,6000|0,00|0,0000|172,90||0,00|
|C190|000|2102|12,00|2275,00|2625,00|315,00|0,00|0,00|0|00,00||
|C100|0|1|207029070001000|55|00|1|18894|50251020702907000100550010000188941100188945|07102025|07102025|41708,33|1|0,00||41708,33|1|0,00|0,00||48125,00|5775,00|0,00|0,00|0,00|688,19|3169,83|||
|C170|1|101020001|MILHO EM GRAOS|38500,0000|KG|41708,33|0,00|0|000|2102|166|48125,00|12,00|5775,00|0,00|0,00|0,00|0|||0,00|0,00|0,00|56|41708,33|1,6500|0,00|0,0000|688,19|56|41708,33|7,6000|0,00|0,0000|3169,83||0,00|
|C190|000|2102|12,00|41708,33|48125,00|5775,00|0,00|0,00|0|00,00||
|C100|0|1|207029070001000|55|00|1|18895|50251020702907000100550010000188951100188950|07102025|07102025|1625,00|1|0,00||1625,00|1|0,00|0,00||1875,00|225,00|0,00|0,00|0,00|26,81|123,50|||
|C170|1|101020001|MILHO EM GRAOS|1500,0000|KG|1625,00|0,00|0|000|2102|166|1875,00|12,00|225,00|0,00|0,00|0,00|0|||0,00|0,00|0,00|56|1625,00|1,6500|0,00|0,0000|26,81|56|1625,00|7,6000|0,00|0,0000|123,50||0,00|
|C190|000|2102|12,00|1625,00|1875,00|225,00|0,00|0,00|0|00,00||
|C100|1|0|326260450001620|55|00|3|105|41251062747840000170550030000001051132740100|08102025|08102025|39713,33|1|0,00||39713,33|1|0,00|0,00||0,00|0,00|0,00|0,00|0,00|0,00|0,00|||
|C190|050|5905|0,00|39713,33|0,00|0,00|0,00|0,00|0|00,00||
|C100|1|0||55|02|3|107|41251062747840000170550030000001071040545801|||||||||||||||||||||
|C100|1|0||55|02|3|108|41251062747840000170550030000001081681565546|||||||||||||||||||||
|C100|1|0|326260450001620|55|00|3|109|41251062747840000170550030000001091849867134|08102025|08102025|553583,33|1|0,00||553583,33|1|0,00|0,00||0,00|0,00|0,00|0,00|0,00|0,00|0,00|||
|C190|050|5905|0,00|553583,33|0,00|0,00|0,00|0,00|0|00,00||
|C100|1|0|326260450001620|55|00|3|121|41251062747840000170550030000001211855849317|10102025|10102025|40996,67|1|0,00||40996,67|1|0,00|0,00||0,00|0,00|0,00|0,00|0,00|0,00|0,00|||
|C190|050|5905|0,00|40996,67|0,00|0,00|0,00|0,00|0|00,00||
|C100|1|0|326260450001620|55|00|3|122|41251062747840000170550030000001221411878400|10102025|10102025|43201,67|1|0,00||43201,67|1|0,00|0,00||0,00|0,00|0,00|0,00|0,00|0,00|0,00|||
|C190|050|5905|0,00|43201,67|0,00|0,00|0,00|0,00|0|00,00||
|C100|1|0|326260450001620|55|00|3|125|41251062747840000170550030000001251142312901|10102025|10102025|36890,00|1|0,00||36890,00|1|0,00|0,00||0,00|0,00|0,00|0,00|0,00|0,00|0,00|||
|C190|050|5905|0,00|36890,00|0,00|0,00|0,00|0,00|0|00,00||
|C100|1|0|326260450001620|55|00|3|126|41251062747840000170550030000001261480893498|10102025|10102025|46690,00|1|0,00||46690,00|1|0,00|0,00||0,00|0,00|0,00|0,00|0,00|0,00|0,00|||
|C190|050|5905|0,00|46690,00|0,00|0,00|0,00|0,00|0|00,00||
|C100|1|0|326260450001620|55|00|3|131|41251062747840000170550030000001311864657197|10102025|10102025|43400,00|1|0,00||43400,00|1|0,00|0,00||0,00|0,00|0,00|0,00|0,00|0,00|0,00|||
|C190|050|5905|0,00|43400,00|0,00|0,00|0,00|0,00|0|00,00||
|C100|1|0|326260450001620|55|00|3|135|41251062747840000170550030000001351239167163|11102025|11102025|57400,00|1|0,00||57400,00|1|0,00|0,00||0,00|0,00|0,00|0,00|0,00|0,00|0,00|||
|C190|050|5905|0,00|57400,00|0,00|0,00|0,00|0,00|0|00,00||
|C100|1|0|326260450001620|55|00|3|157|41251062747840000170550030000001571499474500|15102025|15102025|58146,67|1|0,00||58146,67|1|0,00|0,00||0,00|0,00|0,00|0,00|0,00|0,00|0,00|||
|C190|050|5905|0,00|58146,67|0,00|0,00|0,00|0,00|0|00,00||
|C100|1|0|326260450001620|55|00|3|162|41251062747840000170550030000001621018969531|16102025|16102025|43073,33|1|0,00||43073,33|1|0,00|0,00||0,00|0,00|0,00|0,00|0,00|0,00|0,00|||
|C190|050|5905|0,00|43073,33|0,00|0,00|0,00|0,00|0|00,00||
|C100|1|0|326260450001620|55|00|3|163|41251062747840000170550030000001631814746629|16102025|16102025|46200,00|1|0,00||46200,00|1|0,00|0,00||0,00|0,00|0,00|0,00|0,00|0,00|0,00|||
|C190|050|5905|0,00|46200,00|0,00|0,00|0,00|0,00|0|00,00||
|C100|1|0|326260450001620|55|00|3|167|41251062747840000170550030000001671124276117|16102025|16102025|31138,33|1|0,00||31138,33|1|0,00|0,00||0,00|0,00|0,00|0,00|0,00|0,00|0,00|||
|C190|050|5905|0,00|31138,33|0,00|0,00|0,00|0,00|0|00,00||
|C100|1|0|326260450001620|55|00|3|180|41251062747840000170550030000001801110211079|22102025|22102025|36820,00|1|0,00||36820,00|1|0,00|0,00||0,00|0,00|0,00|0,00|0,00|0,00|0,00|||
|C190|050|5905|0,00|36820,00|0,00|0,00|0,00|0,00|0|00,00||
|C100|1|0|326260450001620|55|00|3|181|41251062747840000170550030000001811521200108|22102025|22102025|45966,67|1|0,00||45966,67|1|0,00|0,00||0,00|0,00|0,00|0,00|0,00|0,00|0,00|||
|C190|050|5905|0,00|45966,67|0,00|0,00|0,00|0,00|0|00,00||
|C100|1|0|326260450001620|55|00|3|182|41251062747840000170550030000001821449272567|22102025|22102025|37333,33|1|0,00||37333,33|1|0,00|0,00||0,00|0,00|0,00|0,00|0,00|0,00|0,00|||
|C190|050|5905|0,00|37333,33|0,00|0,00|0,00|0,00|0|00,00||
|C100|1|0|326260450001620|55|00|3|185|41251062747840000170550030000001851036460496|23102025|23102025|43283,33|1|0,00||43283,33|1|0,00|0,00||0,00|0,00|0,00|0,00|0,00|0,00|0,00|||
|C190|050|5905|0,00|43283,33|0,00|0,00|0,00|0,00|0|00,00||
|C100|1|0|326260450001620|55|00|3|187|41251062747840000170550030000001871143138517|23102025|23102025|39036,67|1|0,00||39036,67|1|0,00|0,00||0,00|0,00|0,00|0,00|0,00|0,00|0,00|||
|C190|050|5905|0,00|39036,67|0,00|0,00|0,00|0,00|0|00,00||
|C100|0|1|409387620001580|55|00|1|5461|41251040938762000158550010000054611138307074|28102025|31102025|13600,00|1|0,00||13600,00|0|0,00|0,00||0,00|0,00|0,00|0,00|0,00|224,40|1033,60|||
|C170|1|812010003|RACAO PARA BOVINOS DE CORTE PRODUFLEX  DIETA TOTAL (25KG)|340,0000|SC|13600,00|0,00|0|051|1102|129|0,00|0,00|0,00|0,00|0,00|0,00|0|||0,00|0,00|0,00|56|13600,00|1,6500|0,00|0,0000|224,40|56|13600,00|7,6000|0,00|0,0000|1033,60||0,00|
|C190|051|1102|0,00|13600,00|0,00|0,00|0,00|0,00|0|00,00||
|C100|0|1|409387620003100|55|00|1|2449|41251040938762000310550010000024491309116803|02102025|02102025|35815,00|1|0,00||35815,00|0|0,00|0,00||0,00|0,00|0,00|0,00|0,00|0,00|0,00|||
|C170|1|101020001|MILHO EM GRAOS|37700,0000|KG|35815,00|0,00|0|050|1906|557|0,00|0,00|0,00|0,00|0,00|0,00|0|||0,00|0,00|0,00|98|0,00|0,0000|0,00|0,0000|0,00|98|0,00|0,0000|0,00|0,0000|0,00||0,00|
|C190|050|1906|0,00|35815,00|0,00|0,00|0,00|0,00|0|00,00||
|C100|0|1|409387620003100|55|00|1|2450|41251040938762000310550010000024501440268604|02102025|02102025|34960,00|1|0,00||34960,00|0|0,00|0,00||0,00|0,00|0,00|0,00|0,00|0,00|0,00|||
|C170|1|101020001|MILHO EM GRAOS|36800,0000|KG|34960,00|0,00|0|050|1906|557|0,00|0,00|0,00|0,00|0,00|0,00|0|||0,00|0,00|0,00|98|0,00|0,0000|0,00|0,0000|0,00|98|0,00|0,0000|0,00|0,0000|0,00||0,00|
|C190|050|1906|0,00|34960,00|0,00|0,00|0,00|0,00|0|00,00||
|C100|0|1|409387620003100|55|00|1|2452|41251040938762000310550010000024521950522566|02102025|02102025|35055,00|1|0,00||35055,00|0|0,00|0,00||0,00|0,00|0,00|0,00|0,00|0,00|0,00|||
|C170|1|101020001|MILHO EM GRAOS|36900,0000|KG|35055,00|0,00|0|050|1906|557|0,00|0,00|0,00|0,00|0,00|0,00|0|||0,00|0,00|0,00|98|0,00|0,0000|0,00|0,0000|0,00|98|0,00|0,0000|0,00|0,0000|0,00||0,00|
|C190|050|1906|0,00|35055,00|0,00|0,00|0,00|0,00|0|00,00||
|C100|0|1|409387620003100|55|00|1|2456|41251040938762000310550010000024561631651465|02102025|03102025|570000,00|1|0,00||570000,00|1|0,00|0,00||0,00|0,00|0,00|0,00|0,00|9405,00|43320,00|||
|C170|1|101020001|MILHO EM GRAOS|600000,0000|KG|570000,00|0,00|0|051|1102|129|0,00|0,00|0,00|0,00|0,00|0,00|0|||0,00|0,00|0,00|56|570000,00|1,6500|0,00|0,0000|9405,00|56|570000,00|7,6000|0,00|0,0000|43320,00||0,00|
|C190|051|1102|0,00|570000,00|0,00|0,00|0,00|0,00|0|00,00||
|C100|0|1|409387620003100|55|00|1|2457|41251040938762000310550010000024571236517007|02102025|05102025|34276,00|1|0,00||34276,00|0|0,00|0,00||0,00|0,00|0,00|0,00|0,00|0,00|0,00|||
|C170|1|101020001|MILHO EM GRAOS|36080,0000|KG|34276,00|0,00|0|050|1906|557|0,00|0,00|0,00|0,00|0,00|0,00|0|||0,00|0,00|0,00|98|0,00|0,0000|0,00|0,0000|0,00|98|0,00|0,0000|0,00|0,0000|0,00||0,00|
|C190|050|1906|0,00|34276,00|0,00|0,00|0,00|0,00|0|00,00||
|C100|0|1|409387620003100|55|00|1|2458|41251040938762000310550010000024581745464774|02102025|05102025|34295,00|1|0,00||34295,00|0|0,00|0,00||0,00|0,00|0,00|0,00|0,00|0,00|0,00|||
|C170|1|101020001|MILHO EM GRAOS|36100,0000|KG|34295,00|0,00|0|050|1906|557|0,00|0,00|0,00|0,00|0,00|0,00|0|||0,00|0,00|0,00|98|0,00|0,0000|0,00|0,0000|0,00|98|0,00|0,0000|0,00|0,0000|0,00||0,00|
|C190|050|1906|0,00|34295,00|0,00|0,00|0,00|0,00|0|00,00||
|C100|0|1|409387620003100|55|00|1|2459|41251040938762000310550010000024591427262113|02102025|05102025|33820,00|1|0,00||33820,00|0|0,00|0,00||0,00|0,00|0,00|0,00|0,00|0,00|0,00|||
|C170|1|101020001|MILHO EM GRAOS|35600,0000|KG|33820,00|0,00|0|050|1906|557|0,00|0,00|0,00|0,00|0,00|0,00|0|||0,00|0,00|0,00|98|0,00|0,0000|0,00|0,0000|0,00|98|0,00|0,0000|0,00|0,0000|0,00||0,00|
|C190|050|1906|0,00|33820,00|0,00|0,00|0,00|0,00|0|00,00||
|C100|0|1|409387620003100|55|00|1|2461|41251040938762000310550010000024611743523256|02102025|05102025|35245,00|1|0,00||35245,00|0|0,00|0,00||0,00|0,00|0,00|0,00|0,00|0,00|0,00|||
|C170|1|101020001|MILHO EM GRAOS|37100,0000|KG|35245,00|0,00|0|050|1906|557|0,00|0,00|0,00|0,00|0,00|0,00|0|||0,00|0,00|0,00|98|0,00|0,0000|0,00|0,0000|0,00|98|0,00|0,0000|0,00|0,0000|0,00||0,00|
|C190|050|1906|0,00|35245,00|0,00|0,00|0,00|0,00|0|00,00||
|C100|0|1|409387620003100|55|00|1|2462|41251040938762000310550010000024621060287128|02102025|05102025|38095,00|1|0,00||38095,00|0|0,00|0,00||0,00|0,00|0,00|0,00|0,00|0,00|0,00|||
|C170|1|101020001|MILHO EM GRAOS|40100,0000|KG|38095,00|0,00|0|050|1906|557|0,00|0,00|0,00|0,00|0,00|0,00|0|||0,00|0,00|0,00|98|0,00|0,0000|0,00|0,0000|0,00|98|0,00|0,0000|0,00|0,0000|0,00||0,00|
|C190|050|1906|0,00|38095,00|0,00|0,00|0,00|0,00|0|00,00||
|C100|0|1|409387620003100|55|00|1|2466|41251040938762000310550010000024661923344607|02102025|02102025|34447,00|1|0,00||34447,00|0|0,00|0,00||0,00|0,00|0,00|0,00|0,00|0,00|0,00|||
|C170|1|101020001|MILHO EM GRAOS|36260,0000|KG|34447,00|0,00|0|050|1906|557|0,00|0,00|0,00|0,00|0,00|0,00|0|||0,00|0,00|0,00|98|0,00|0,0000|0,00|0,0000|0,00|98|0,00|0,0000|0,00|0,0000|0,00||0,00|
|C190|050|1906|0,00|34447,00|0,00|0,00|0,00|0,00|0|00,00||
|C100|0|1|409387620003100|55|00|1|2467|41251040938762000310550010000024671884288249|02102025|02102025|37354,00|1|0,00||37354,00|0|0,00|0,00||0,00|0,00|0,00|0,00|0,00|0,00|0,00|||
|C170|1|101020001|MILHO EM GRAOS|39320,0000|KG|37354,00|0,00|0|050|1906|557|0,00|0,00|0,00|0,00|0,00|0,00|0|||0,00|0,00|0,00|98|0,00|0,0000|0,00|0,0000|0,00|98|0,00|0,0000|0,00|0,0000|0,00||0,00|
|C190|050|1906|0,00|37354,00|0,00|0,00|0,00|0,00|0|00,00||
|C100|0|1|409387620003100|55|00|1|2469|41251040938762000310550010000024691126347108|02102025|02102025|29982,00|1|0,00||29982,00|0|0,00|0,00||0,00|0,00|0,00|0,00|0,00|0,00|0,00|||
|C170|1|101020001|MILHO EM GRAOS|31560,0000|KG|29982,00|0,00|0|050|1906|557|0,00|0,00|0,00|0,00|0,00|0,00|0|||0,00|0,00|0,00|98|0,00|0,0000|0,00|0,0000|0,00|98|0,00|0,0000|0,00|0,0000|0,00||0,00|
|C190|050|1906|0,00|29982,00|0,00|0,00|0,00|0,00|0|00,00||
|C100|0|1|409387620003100|55|00|1|2470|41251040938762000310550010000024701212781180|02102025|02102025|36879,00|1|0,00||36879,00|0|0,00|0,00||0,00|0,00|0,00|0,00|0,00|0,00|0,00|||
|C170|1|101020001|MILHO EM GRAOS|38820,0000|KG|36879,00|0,00|0|050|1906|557|0,00|0,00|0,00|0,00|0,00|0,00|0|||0,00|0,00|0,00|98|0,00|0,0000|0,00|0,0000|0,00|98|0,00|0,0000|0,00|0,0000|0,00||0,00|
|C190|050|1906|0,00|36879,00|0,00|0,00|0,00|0,00|0|00,00||
|C100|0|1|409387620003100|55|00|1|2471|41251040938762000310550010000024711133751170|02102025|05102025|32908,00|1|0,00||32908,00|0|0,00|0,00||0,00|0,00|0,00|0,00|0,00|0,00|0,00|||
|C170|1|101020001|MILHO EM GRAOS|34640,0000|KG|32908,00|0,00|0|050|1906|557|0,00|0,00|0,00|0,00|0,00|0,00|0|||0,00|0,00|0,00|98|0,00|0,0000|0,00|0,0000|0,00|98|0,00|0,0000|0,00|0,0000|0,00||0,00|
|C190|050|1906|0,00|32908,00|0,00|0,00|0,00|0,00|0|00,00||
|C100|0|1|409387620003100|55|00|1|2472|41251040938762000310550010000024721216196937|02102025|02102025|35340,00|1|0,00||35340,00|0|0,00|0,00||0,00|0,00|0,00|0,00|0,00|0,00|0,00|||
|C170|1|101020001|MILHO EM GRAOS|37200,0000|KG|35340,00|0,00|0|050|1906|557|0,00|0,00|0,00|0,00|0,00|0,00|0|||0,00|0,00|0,00|98|0,00|0,0000|0,00|0,0000|0,00|98|0,00|0,0000|0,00|0,0000|0,00||0,00|
|C190|050|1906|0,00|35340,00|0,00|0,00|0,00|0,00|0|00,00||
|C100|0|1|409387620003100|55|00|1|2474|41251040938762000310550010000024741787412938|02102025|02102025|37943,00|1|0,00||37943,00|0|0,00|0,00||0,00|0,00|0,00|0,00|0,00|0,00|0,00|||
|C170|1|101020001|MILHO EM GRAOS|39940,0000|KG|37943,00|0,00|0|050|1906|557|0,00|0,00|0,00|0,00|0,00|0,00|0|||0,00|0,00|0,00|98|0,00|0,0000|0,00|0,0000|0,00|98|0,00|0,0000|0,00|0,0000|0,00||0,00|
|C190|050|1906|0,00|37943,00|0,00|0,00|0,00|0,00|0|00,00||
|C100|0|1|409387620003100|55|00|1|2477|41251040938762000310550010000024771444243561|03102025|03102025|34352,00|1|0,00||34352,00|0|0,00|0,00||0,00|0,00|0,00|0,00|0,00|0,00|0,00|||
|C170|1|101020001|MILHO EM GRAOS|36160,0000|KG|34352,00|0,00|0|050|1906|557|0,00|0,00|0,00|0,00|0,00|0,00|0|||0,00|0,00|0,00|98|0,00|0,0000|0,00|0,0000|0,00|98|0,00|0,0000|0,00|0,0000|0,00||0,00|
|C190|050|1906|0,00|34352,00|0,00|0,00|0,00|0,00|0|00,00||
|C100|0|1|409387620003100|55|00|1|2479|41251040938762000310550010000024791604419713|03102025|03102025|34105,00|1|0,00||34105,00|0|0,00|0,00||0,00|0,00|0,00|0,00|0,00|0,00|0,00|||
|C170|1|101020001|MILHO EM GRAOS|35900,0000|KG|34105,00|0,00|0|050|1906|557|0,00|0,00|0,00|0,00|0,00|0,00|0|||0,00|0,00|0,00|98|0,00|0,0000|0,00|0,0000|0,00|98|0,00|0,0000|0,00|0,0000|0,00||0,00|
|C190|050|1906|0,00|34105,00|0,00|0,00|0,00|0,00|0|00,00||
|C100|0|1|409387620003100|55|00|1|2548|41251040938762000310550010000025481722258298|07102025|08102025|34295,00|1|0,00||34295,00|0|0,00|0,00||0,00|0,00|0,00|0,00|0,00|0,00|0,00|||
|C170|1|101020001|MILHO EM GRAOS|36100,0000|KG|34295,00|0,00|0|050|1907|553|0,00|0,00|0,00|0,00|0,00|0,00|0|||0,00|0,00|0,00|98|0,00|0,0000|0,00|0,0000|0,00|98|0,00|0,0000|0,00|0,0000|0,00||0,00|
|C190|050|1907|0,00|34295,00|0,00|0,00|0,00|0,00|0|00,00||
|C100|0|1|409387620003100|55|00|1|2561|41251040938762000310550010000025611461673256|08102025|08102025|35283,00|1|0,00||35283,00|0|0,00|0,00||0,00|0,00|0,00|0,00|0,00|0,00|0,00|||
|C170|1|101020001|MILHO EM GRAOS|37140,0000|KG|35283,00|0,00|0|050|1907|553|0,00|0,00|0,00|0,00|0,00|0,00|0|||0,00|0,00|0,00|98|0,00|0,0000|0,00|0,0000|0,00|98|0,00|0,0000|0,00|0,0000|0,00||0,00|
|C190|050|1907|0,00|35283,00|0,00|0,00|0,00|0,00|0|00,00||
|C100|0|1|409387620003100|55|00|1|2573|41251040938762000310550010000025731771064704|08102025|09102025|34048,00|1|0,00||34048,00|0|0,00|0,00||0,00|0,00|0,00|0,00|0,00|0,00|0,00|||
|C170|1|101020001|MILHO EM GRAOS|35840,0000|KG|34048,00|0,00|0|050|1907|553|0,00|0,00|0,00|0,00|0,00|0,00|0|||0,00|0,00|0,00|98|0,00|0,0000|0,00|0,0000|0,00|98|0,00|0,0000|0,00|0,0000|0,00||0,00|
|C190|050|1907|0,00|34048,00|0,00|0,00|0,00|0,00|0|00,00||
|C100|0|1|409387620003100|55|00|1|2587|41251040938762000310550010000025871613434883|09102025|10102025|36100,00|1|0,00||36100,00|0|0,00|0,00||0,00|0,00|0,00|0,00|0,00|0,00|0,00|||
|C170|1|101020001|MILHO EM GRAOS|38000,0000|KG|36100,00|0,00|0|050|1907|553|0,00|0,00|0,00|0,00|0,00|0,00|0|||0,00|0,00|0,00|98|0,00|0,0000|0,00|0,0000|0,00|98|0,00|0,0000|0,00|0,0000|0,00||0,00|
|C190|050|1907|0,00|36100,00|0,00|0,00|0,00|0,00|0|00,00||
|C100|0|1|409387620003100|55|00|1|2611|41251040938762000310550010000026111229484893|13102025|13102025|27778,00|1|0,00||27778,00|0|0,00|0,00||0,00|0,00|0,00|0,00|0,00|0,00|0,00|||
|C170|1|101020001|MILHO EM GRAOS|29240,0000|KG|27778,00|0,00|0|050|1907|553|0,00|0,00|0,00|0,00|0,00|0,00|0|||0,00|0,00|0,00|98|0,00|0,0000|0,00|0,0000|0,00|98|0,00|0,0000|0,00|0,0000|0,00||0,00|
|C190|050|1907|0,00|27778,00|0,00|0,00|0,00|0,00|0|00,00||
|C100|1|0||55|02|3|46|41251062747840000170550030000000461006521116|||||||||||||||||||||
|C100|1|0||55|02|3|47|41251062747840000170550030000000471125176924|||||||||||||||||||||
|C100|1|0||55|02|3|48|41251062747840000170550030000000481116474478|||||||||||||||||||||
|C100|1|0||55|02|3|55|41251062747840000170550030000000551162925376|||||||||||||||||||||
|C100|1|0|409387620003100|55|00|3|59|41251062747840000170550030000000591426458504|03102025|03102025|570000,00|1|0,00||570000,00|0|0,00|0,00||0,00|0,00|0,00|0,00|0,00|0,00|0,00|||
|C190|050|5905|0,00|570000,00|0,00|0,00|0,00|0,00|0|00,00||
|C100|1|0|409387620003100|55|00|3|69|41251062747840000170550030000000691462968602|06102025|06102025|35321,00|1|0,00||35321,00|0|0,00|0,00||0,00|0,00|0,00|0,00|0,00|0,00|0,00|||
|C190|050|5905|0,00|35321,00|0,00|0,00|0,00|0,00|0|00,00||
|C100|1|0|409387620003100|55|00|3|74|41251062747840000170550030000000741008494510|06102025|06102025|33687,00|1|0,00||33687,00|0|0,00|0,00||0,00|0,00|0,00|0,00|0,00|0,00|0,00|||
|C190|050|5905|0,00|33687,00|0,00|0,00|0,00|0,00|0|00,00||
|C100|1|0|409387620003100|55|00|3|132|41251062747840000170550030000001321446362059|10102025|10102025|25659,50|1|0,00||25659,50|0|0,00|0,00||0,00|0,00|0,00|0,00|0,00|0,00|0,00|||
|C190|050|5905|0,00|25659,50|0,00|0,00|0,00|0,00|0|00,00||
|C100|1|0|409387620003100|55|00|3|134|41251062747840000170550030000001341872940244|11102025|11102025|33478,00|1|0,00||33478,00|0|0,00|0,00||0,00|0,00|0,00|0,00|0,00|0,00|0,00|||
|C190|050|5905|0,00|33478,00|0,00|0,00|0,00|0,00|0|00,00||
|C100|1|0|409387620003100|55|00|3|177|41251062747840000170550030000001771173612407|21102025|21102025|332,50|1|0,00||332,50|0|0,00|0,00||0,00|0,00|0,00|0,00|0,00|0,00|0,00|||
|C190|050|5905|0,00|332,50|0,00|0,00|0,00|0,00|0|00,00||
|C100|1|0|503760140001820|55|00|3|164|41251062747840000170550030000001641243327210|16102025|16102025|20666,67|1|0,00||20666,67|1|0,00|0,00||0,00|0,00|0,00|0,00|0,00|0,00|0,00|||
|C190|051|5102|0,00|20666,67|0,00|0,00|0,00|0,00|0|00,00||
|C100|0|1|513008240001180|55|00|2|35|41251051300824000118550020000000351585519758|15102025|16102025|3658,40|1|0,00||3658,40|1|0,00|0,00||0,00|0,00|0,00|0,00|0,00|0,00|0,00|||
|C170|1|601010061|NOTEBOOK|1,0000|UND|3658,40|0,00|1|090|1922|966|0,00|0,00|0,00|0,00|0,00|0,00|0|||0,00|0,00|0,00|98|0,00|0,0000|0,00|0,0000|0,00|98|0,00|0,0000|0,00|0,0000|0,00||0,00|
|C190|090|1922|0,00|3658,40|0,00|0,00|0,00|0,00|0|00,00||
|C100|1|0|627803830001150|55|00|3|102|41251062747840000170550030000001021229285936|08102025|08102025|32490,00|1|0,00||32490,00|0|0,00|0,00||0,00|0,00|0,00|0,00|0,00|0,00|0,00|||
|C190|050|5905|0,00|32490,00|0,00|0,00|0,00|0,00|0|00,00||
|C100|1|0|627803830001150|55|00|3|103|41251062747840000170550030000001031525577781|08102025|08102025|32544,00|1|0,00||32544,00|0|0,00|0,00||0,00|0,00|0,00|0,00|0,00|0,00|0,00|||
|C190|050|5905|0,00|32544,00|0,00|0,00|0,00|0,00|0|00,00||
|C100|1|0|627803830001150|55|00|3|106|41251062747840000170550030000001061221317021|08102025|08102025|33462,00|1|0,00||33462,00|0|0,00|0,00||0,00|0,00|0,00|0,00|0,00|0,00|0,00|||
|C190|050|5905|0,00|33462,00|0,00|0,00|0,00|0,00|0|00,00||
|C100|1|0|627803830001150|55|00|3|110|41251062747840000170550030000001101108146295|08102025|08102025|32922,00|1|0,00||32922,00|0|0,00|0,00||0,00|0,00|0,00|0,00|0,00|0,00|0,00|||
|C190|050|5905|0,00|32922,00|0,00|0,00|0,00|0,00|0|00,00||
|C100|1|0|627803830001150|55|00|3|118|41251062747840000170550030000001181921236173|09102025|09102025|31878,00|1|0,00||31878,00|0|0,00|0,00||0,00|0,00|0,00|0,00|0,00|0,00|0,00|||
|C190|050|5905|0,00|31878,00|0,00|0,00|0,00|0,00|0|00,00||
|C100|1|0|627803830001150|55|00|3|119|41251062747840000170550030000001191013189294|09102025|09102025|32310,00|1|0,00||32310,00|0|0,00|0,00||0,00|0,00|0,00|0,00|0,00|0,00|0,00|||
|C190|050|5905|0,00|32310,00|0,00|0,00|0,00|0,00|0|00,00||
|C100|1|0|627803830001150|55|00|3|123|41251062747840000170550030000001231139632718|10102025|10102025|34218,00|1|0,00||34218,00|0|0,00|0,00||0,00|0,00|0,00|0,00|0,00|0,00|0,00|||
|C190|050|5905|0,00|34218,00|0,00|0,00|0,00|0,00|0|00,00||
|C100|1|0||55|02|3|145|41251062747840000170550030000001451602630319|||||||||||||||||||||
|C100|1|0|627803830001150|55|00|3|146|41251062747840000170550030000001461919347189|14102025|14102025|26262,00|1|0,00||26262,00|0|0,00|0,00||0,00|0,00|0,00|0,00|0,00|0,00|0,00|||
|C190|050|5905|0,00|26262,00|0,00|0,00|0,00|0,00|0|00,00||
|C100|1|0|627803830001150|55|00|3|147|41251062747840000170550030000001471452864616|14102025|14102025|34218,00|1|0,00||34218,00|0|0,00|0,00||0,00|0,00|0,00|0,00|0,00|0,00|0,00|||
|C190|050|5905|0,00|34218,00|0,00|0,00|0,00|0,00|0|00,00||
|C100|1|0|627803830001150|55|00|3|148|41251062747840000170550030000001481450774307|14102025|14102025|28044,00|1|0,00||28044,00|0|0,00|0,00||0,00|0,00|0,00|0,00|0,00|0,00|0,00|||
|C190|050|5905|0,00|28044,00|0,00|0,00|0,00|0,00|0|00,00||
|C100|1|0|627803830001150|55|00|3|168|41251062747840000170550030000001681852365420|16102025|16102025|72107,67|1|0,00||72107,67|1|0,00|0,00||0,00|0,00|0,00|0,00|0,00|0,00|0,00|||
|C190|051|5102|0,00|72107,67|0,00|0,00|0,00|0,00|0|00,00||
|C100|1|0|627803830001150|55|00|3|169|41251062747840000170550030000001691411264280|16102025|16102025|91790,00|1|0,00||91790,00|1|0,00|0,00||0,00|0,00|0,00|0,00|0,00|0,00|0,00|||
|C190|051|5102|0,00|91790,00|0,00|0,00|0,00|0,00|0|00,00||
|C100|1|0|627803830001150|55|00|3|171|41251062747840000170550030000001711144281828|17102025|17102025|82702,33|1|0,00||82702,33|1|0,00|0,00||0,00|0,00|0,00|0,00|0,00|0,00|0,00|||
|C190|051|5102|0,00|82702,33|0,00|0,00|0,00|0,00|0|00,00||
|C100|1|0|627803830001150|55|00|3|172|41251062747840000170550030000001721113441634|17102025|17102025|79916,67|1|0,00||79916,67|1|0,00|0,00||0,00|0,00|0,00|0,00|0,00|0,00|0,00|||
|C190|051|5102|0,00|79916,67|0,00|0,00|0,00|0,00|0|00,00||
|C100|1|0|627803830001150|55|00|3|173|41251062747840000170550030000001731158037163|17102025|17102025|84711,67|1|0,00||84711,67|1|0,00|0,00||0,00|0,00|0,00|0,00|0,00|0,00|0,00|||
|C190|051|5102|0,00|84711,67|0,00|0,00|0,00|0,00|0|00,00||
|C100|1|0|627803830001150|55|00|3|174|41251062747840000170550030000001741546985368|17102025|17102025|88821,66|1|0,00||88821,66|1|0,00|0,00||0,00|0,00|0,00|0,00|0,00|0,00|0,00|||
|C190|051|5102|0,00|88821,66|0,00|0,00|0,00|0,00|0|00,00||
|C100|1|0|627803830001150|55|00|3|194|41251062747840000170550030000001941402254105|28102025|28102025|45126,00|1|0,00||45126,00|0|0,00|0,00||0,00|0,00|0,00|0,00|0,00|0,00|0,00|||
|C190|050|5905|0,00|45126,00|0,00|0,00|0,00|0,00|0|00,00||
|C100|1|0|627803830001150|55|00|3|206|41251062747840000170550030000002061182417208|29102025|29102025|30150,00|1|0,00||30150,00|0|0,00|0,00||0,00|0,00|0,00|0,00|0,00|0,00|0,00|||
|C190|050|5905|0,00|30150,00|0,00|0,00|0,00|0,00|0|00,00||
|C100|0|0|833052350148450|55|00|2|5|41251062747840000170550020000000051185389359|10102025|10102025|43806,65|1|0,00||43806,65|1|0,00|0,00||30664,66|3679,76|0,00|0,00|0,00|0,00|0,00|||
|C190|020|2202|12,00|43806,65|30664,66|3679,76|0,00|0,00|13141,99|00,00||
|C100|0|0|833052350148450|55|00|2|6|41251062747840000170550020000000061526035192|10102025|10102025|45135,97|1|0,00||45135,97|1|0,00|0,00||31595,18|3791,42|0,00|0,00|0,00|0,00|0,00|||
|C190|020|2202|12,00|45135,97|31595,18|3791,42|0,00|0,00|13540,79|00,00||
|C100|0|0|833052350148450|55|00|2|7|41251062747840000170550020000000071314818549|10102025|10102025|48806,85|1|0,00||48806,85|1|0,00|0,00||34164,80|4099,78|0,00|0,00|0,00|0,00|0,00|||
|C190|020|2202|12,00|48806,85|34164,80|4099,78|0,00|0,00|14642,05|00,00||
|C100|0|0|833052350148450|55|00|2|8|41251062747840000170550020000000081602763704|10102025|10102025|43221,26|1|0,00||43221,26|1|0,00|0,00||30254,88|3630,59|0,00|0,00|0,00|0,00|0,00|||
|C190|020|2202|12,00|43221,26|30254,88|3630,59|0,00|0,00|12966,38|00,00||
|C100|0|0|833052350148450|55|00|2|9|41251062747840000170550020000000091490201804|10102025|10102025|46611,64|1|0,00||46611,64|1|0,00|0,00||32628,15|3915,38|0,00|0,00|0,00|0,00|0,00|||
|C190|020|2202|12,00|46611,64|32628,15|3915,38|0,00|0,00|13983,49|00,00||
|C100|0|1|833052350148450|55|00|2|31455|42251083305235014845550020000314551153190116|24102025|28102025|658,26|1|0,00||658,26|1|0,00|0,00||460,78|55,29|0,00|0,00|0,00|0,00|0,00|||
|C170|1|101020001|MILHO EM GRAOS|540,0000|KG|658,26|0,00|0|020|2202|233|460,78|12,00|55,29|0,00|0,00|0,00|0|||0,00|0,00|0,00|98|0,00|0,0000|0,00|0,0000|0,00|98|0,00|0,0000|0,00|0,0000|0,00||0,00|
|C190|020|2202|12,00|658,26|460,78|55,29|0,00|0,00|197,48|00,00||
|C100|0|1|833052350148450|55|00|2|31484|42251083305235014845550020000314841153571596|29102025|30102025|1378,69|1|0,00||1378,69|1|0,00|0,00||965,08|115,81|0,00|0,00|0,00|0,00|0,00|||
|C170|1|101020001|MILHO EM GRAOS|1131,0000|KG|1378,69|0,00|0|020|2202|233|965,08|12,00|115,81|0,00|0,00|0,00|0|||0,00|0,00|0,00|98|0,00|0,0000|0,00|0,0000|0,00|98|0,00|0,0000|0,00|0,0000|0,00||0,00|
|C190|020|2202|12,00|1378,69|965,08|115,81|0,00|0,00|413,61|00,00||
|C100|1|0|833052350148450|55|00|3|98|41251062747840000170550030000000981834113389|07102025|07102025|43806,65|1|0,00||43806,65|1|0,00|0,00||30664,66|3679,76|0,00|0,00|0,00|0,00|0,00|||
|C190|020|6102|12,00|43806,65|30664,66|3679,76|0,00|0,00|13141,99|00,00||
|C100|1|0|833052350148450|55|00|3|111|41251062747840000170550030000001111176363856|08102025|08102025|45135,97|1|0,00||45135,97|1|0,00|0,00||31595,18|3791,42|0,00|0,00|0,00|0,00|0,00|||
|C190|020|6102|12,00|45135,97|31595,18|3791,42|0,00|0,00|13540,79|00,00||
|C100|1|0|833052350148450|55|00|3|114|41251062747840000170550030000001141489169708|09102025|09102025|48806,85|1|0,00||48806,85|1|0,00|0,00||34164,80|4099,78|0,00|0,00|0,00|0,00|0,00|||
|C190|020|6102|12,00|48806,85|34164,80|4099,78|0,00|0,00|14642,05|00,00||
|C100|1|0|833052350148450|55|00|3|115|41251062747840000170550030000001151439238274|09102025|09102025|43221,26|1|0,00||43221,26|1|0,00|0,00||30254,88|3630,59|0,00|0,00|0,00|0,00|0,00|||
|C190|020|6102|12,00|43221,26|30254,88|3630,59|0,00|0,00|12966,38|00,00||
|C100|1|0|833052350148450|55|00|3|116|41251062747840000170550030000001161164925508|09102025|09102025|46611,64|1|0,00||46611,64|1|0,00|0,00||32628,15|3915,38|0,00|0,00|0,00|0,00|0,00|||
|C190|020|6102|12,00|46611,64|32628,15|3915,38|0,00|0,00|13983,49|00,00||
|C100|1|0|833052350148450|55|00|3|124|41251062747840000170550030000001241723084102|10102025|10102025|43786,48|1|0,00||43786,48|1|0,00|0,00||30650,54|3678,06|0,00|0,00|0,00|0,00|0,00|||
|C190|020|6102|12,00|43786,48|30650,54|3678,06|0,00|0,00|13135,94|00,00||
|C100|1|0|833052350148450|55|00|3|127|41251062747840000170550030000001271051946813|10102025|10102025|45115,19|1|0,00||45115,19|1|0,00|0,00||31580,63|3789,68|0,00|0,00|0,00|0,00|0,00|||
|C190|020|6102|12,00|45115,19|31580,63|3789,68|0,00|0,00|13534,56|00,00||
|C100|1|0|833052350148450|55|00|3|128|41251062747840000170550030000001281194015187|10102025|10102025|48784,38|1|0,00||48784,38|1|0,00|0,00||34149,07|4097,89|0,00|0,00|0,00|0,00|0,00|||
|C190|020|6102|12,00|48784,38|34149,07|4097,89|0,00|0,00|14635,31|00,00||
|C100|1|0|833052350148450|55|00|3|129|41251062747840000170550030000001291494504458|10102025|10102025|43201,36|1|0,00||43201,36|1|0,00|0,00||30240,95|3628,91|0,00|0,00|0,00|0,00|0,00|||
|C190|020|6102|12,00|43201,36|30240,95|3628,91|0,00|0,00|12960,41|00,00||
|C100|1|0|833052350148450|55|00|3|130|41251062747840000170550030000001301402912768|10102025|10102025|46590,18|1|0,00||46590,18|1|0,00|0,00||32613,13|3913,58|0,00|0,00|0,00|0,00|0,00|||
|C190|020|6102|12,00|46590,18|32613,13|3913,58|0,00|0,00|13977,05|00,00||
|C100|1|0|833052350148450|55|00|3|136|41251062747840000170550030000001361081888594|13102025|13102025|39568,74|1|0,00||39568,74|1|0,00|0,00||27698,12|3323,77|0,00|0,00|0,00|0,00|0,00|||
|C190|020|6102|12,00|39568,74|27698,12|3323,77|0,00|0,00|11870,62|00,00||
|C100|1|0|833052350148450|55|00|3|137|41251062747840000170550030000001371984749270|13102025|13102025|49515,78|1|0,00||49515,78|1|0,00|0,00||34661,05|4159,33|0,00|0,00|0,00|0,00|0,00|||
|C190|020|6102|12,00|49515,78|34661,05|4159,33|0,00|0,00|14854,73|00,00||
|C100|1|0|833052350148450|55|00|3|140|41251062747840000170550030000001401811136671|13102025|13102025|44383,79|1|0,00||44383,79|1|0,00|0,00||31068,65|3728,24|0,00|0,00|0,00|0,00|0,00|||
|C190|020|6102|12,00|44383,79|31068,65|3728,24|0,00|0,00|13315,14|00,00||
|C100|1|0|833052350148450|55|00|3|142|41251062747840000170550030000001421931321810|13102025|13102025|60852,48|1|0,00||60852,48|1|0,00|0,00||42596,74|5111,61|0,00|0,00|0,00|0,00|0,00|||
|C190|020|6102|12,00|60852,48|42596,74|5111,61|0,00|0,00|18255,74|00,00||
|C100|1|0|833052350148450|55|00|3|144|41251062747840000170550030000001441522103803|14102025|14102025|44834,82|1|0,00||44834,82|1|0,00|0,00||31384,37|3766,12|0,00|0,00|0,00|0,00|0,00|||
|C190|020|6102|12,00|44834,82|31384,37|3766,12|0,00|0,00|13450,45|00,00||
|C100|1|0|833052350148450|55|00|3|149|41251062747840000170550030000001491421488501|14102025|14102025|43737,72|1|0,00||43737,72|1|0,00|0,00||30616,40|3673,97|0,00|0,00|0,00|0,00|0,00|||
|C190|020|6102|12,00|43737,72|30616,40|3673,97|0,00|0,00|13121,32|00,00||
|C100|1|0|833052350148450|55|00|3|150|41251062747840000170550030000001501833862088|14102025|14102025|38349,74|1|0,00||38349,74|1|0,00|0,00||26844,82|3221,38|0,00|0,00|0,00|0,00|0,00|||
|C190|020|6102|12,00|38349,74|26844,82|3221,38|0,00|0,00|11504,92|00,00||
|C100|1|0|833052350148450|55|00|3|151|41251062747840000170550030000001511892446270|14102025|14102025|38508,21|1|0,00||38508,21|1|0,00|0,00||26955,75|3234,69|0,00|0,00|0,00|0,00|0,00|||
|C190|020|6102|12,00|38508,21|26955,75|3234,69|0,00|0,00|11552,46|00,00||
|C100|1|0|833052350148450|55|00|3|152|41251062747840000170550030000001521424747902|14102025|14102025|48089,55|1|0,00||48089,55|1|0,00|0,00||33662,69|4039,52|0,00|0,00|0,00|0,00|0,00|||
|C190|020|6102|12,00|48089,55|33662,69|4039,52|0,00|0,00|14426,86|00,00||
|C100|1|0|833052350148450|55|00|3|153|41251062747840000170550030000001531182845280|14102025|14102025|47894,51|1|0,00||47894,51|1|0,00|0,00||33526,16|4023,14|0,00|0,00|0,00|0,00|0,00|||
|C190|020|6102|12,00|47894,51|33526,16|4023,14|0,00|0,00|14368,35|00,00||
|C100|1|0|833052350148450|55|00|3|154|41251062747840000170550030000001541611234756|14102025|14102025|45042,05|1|0,00||45042,05|1|0,00|0,00||31529,44|3783,53|0,00|0,00|0,00|0,00|0,00|||
|C190|020|6102|12,00|45042,05|31529,44|3783,53|0,00|0,00|13512,61|00,00||
|C100|1|0|833052350148450|55|00|3|155|41251062747840000170550030000001551645898522|15102025|15102025|38715,44|1|0,00||38715,44|1|0,00|0,00||27100,81|3252,10|0,00|0,00|0,00|0,00|0,00|||
|C190|020|6102|12,00|38715,44|27100,81|3252,10|0,00|0,00|11614,63|00,00||
|C100|1|0|833052350148450|55|00|3|156|41251062747840000170550030000001561834431238|15102025|15102025|44127,80|1|0,00||44127,80|1|0,00|0,00||30889,46|3706,74|0,00|0,00|0,00|0,00|0,00|||
|C190|020|6102|12,00|44127,80|30889,46|3706,74|0,00|0,00|13238,34|00,00||
|C100|1|0|833052350148450|55|00|3|158|41251062747840000170550030000001581784963902|15102025|15102025|45249,28|1|0,00||45249,28|1|0,00|0,00||31674,50|3800,94|0,00|0,00|0,00|0,00|0,00|||
|C190|020|6102|12,00|45249,28|31674,50|3800,94|0,00|0,00|13574,78|00,00||
|C100|1|0|833052350148450|55|00|3|159|41251062747840000170550030000001591404186418|15102025|15102025|48065,17|1|0,00||48065,17|1|0,00|0,00||33645,62|4037,47|0,00|0,00|0,00|0,00|0,00|||
|C190|020|6102|12,00|48065,17|33645,62|4037,47|0,00|0,00|14419,55|00,00||
|C100|1|0|833052350148450|55|00|3|160|41251062747840000170550030000001601148505760|15102025|15102025|38556,97|1|0,00||38556,97|1|0,00|0,00||26989,88|3238,79|0,00|0,00|0,00|0,00|0,00|||
|C190|020|6102|12,00|38556,97|26989,88|3238,79|0,00|0,00|11567,09|00,00||
|C100|1|0|833052350148450|55|00|3|161|41251062747840000170550030000001611421316713|15102025|15102025|38008,42|1|0,00||38008,42|1|0,00|0,00||26605,89|3192,71|0,00|0,00|0,00|0,00|0,00|||
|C190|020|6102|12,00|38008,42|26605,89|3192,71|0,00|0,00|11402,53|00,00||
|C100|1|0|833052350148450|55|00|3|175|41251062747840000170550030000001751724516110|18102025|18102025|39044,57|1|0,00||39044,57|1|0,00|0,00||27331,20|3279,74|0,00|0,00|0,00|0,00|0,00|||
|C190|020|6102|12,00|39044,57|27331,20|3279,74|0,00|0,00|11713,37|00,00||
|C100|1|0|833052350148450|55|00|3|176|41251062747840000170550030000001761434262601|20102025|20102025|38203,46|1|0,00||38203,46|1|0,00|0,00||26742,42|3209,09|0,00|0,00|0,00|0,00|0,00|||
|C190|020|6102|12,00|38203,46|26742,42|3209,09|0,00|0,00|11461,04|00,00||
|C100|1|0|833052350148450|55|00|3|178|41251062747840000170550030000001781968463387|21102025|21102025|38812,96|1|0,00||38812,96|1|0,00|0,00||27169,07|3260,29|0,00|0,00|0,00|0,00|0,00|||
|C190|020|6102|12,00|38812,96|27169,07|3260,29|0,00|0,00|11643,89|00,00||
|C100|1|0|833052350148450|55|00|3|179|41251062747840000170550030000001791131380243|22102025|22102025|39324,94|1|0,00||39324,94|1|0,00|0,00||27527,46|3303,30|0,00|0,00|0,00|0,00|0,00|||
|C190|020|6102|12,00|39324,94|27527,46|3303,30|0,00|0,00|11797,48|00,00||
|C100|1|0|833052350148450|55|00|3|183|41251062747840000170550030000001831482649108|22102025|22102025|48516,20|1|0,00||48516,20|1|0,00|0,00||33961,34|4075,36|0,00|0,00|0,00|0,00|0,00|||
|C190|020|6102|12,00|48516,20|33961,34|4075,36|0,00|0,00|14554,86|00,00||
|C100|1|0|833052350148450|55|00|3|184|41251062747840000170550030000001841829322447|23102025|23102025|37910,90|1|0,00||37910,90|1|0,00|0,00||26537,63|3184,52|0,00|0,00|0,00|0,00|0,00|||
|C190|020|6102|12,00|37910,90|26537,63|3184,52|0,00|0,00|11373,27|00,00||
|C100|1|0|833052350148450|55|00|3|186|41251062747840000170550030000001861562303218|23102025|23102025|44347,22|1|0,00||44347,22|1|0,00|0,00||31043,05|3725,17|0,00|0,00|0,00|0,00|0,00|||
|C190|020|6102|12,00|44347,22|31043,05|3725,17|0,00|0,00|13304,17|00,00||
|C100|1|0|833052350148450|55|00|3|188|41251062747840000170550030000001881106822164|23102025|23102025|45541,84|1|0,00||45541,84|1|0,00|0,00||31879,29|3825,51|0,00|0,00|0,00|0,00|0,00|||
|C190|020|6102|12,00|45541,84|31879,29|3825,51|0,00|0,00|13662,55|00,00||
|C100|1|0|833052350148450|55|00|3|189|41251062747840000170550030000001891112938303|23102025|23102025|38105,94|1|0,00||38105,94|1|0,00|0,00||26674,16|3200,90|0,00|0,00|0,00|0,00|0,00|||
|C190|020|6102|12,00|38105,94|26674,16|3200,90|0,00|0,00|11431,78|00,00||
|C100|1|0|833052350148450|55|00|3|190|41251062747840000170550030000001901413652230|23102025|23102025|38154,70|1|0,00||38154,70|1|0,00|0,00||26708,29|3204,99|0,00|0,00|0,00|0,00|0,00|||
|C190|020|6102|12,00|38154,70|26708,29|3204,99|0,00|0,00|11446,41|00,00||
|C100|1|0|833052350148450|55|00|3|191|41251062747840000170550030000001911311364224|27102025|27102025|44956,72|1|0,00||44956,72|1|0,00|0,00||31469,70|3776,36|0,00|0,00|0,00|0,00|0,00|||
|C190|020|6102|12,00|44956,72|31469,70|3776,36|0,00|0,00|13487,02|00,00||
|C100|1|0|833052350148450|55|00|3|192|41251062747840000170550030000001921118119318|27102025|27102025|38130,32|1|0,00||38130,32|1|0,00|0,00||26691,22|3202,95|0,00|0,00|0,00|0,00|0,00|||
|C190|020|6102|12,00|38130,32|26691,22|3202,95|0,00|0,00|11439,10|00,00||
|C100|1|0|833052350148450|55|00|3|193|41251062747840000170550030000001931137035962|27102025|27102025|30377,48|1|0,00||30377,48|1|0,00|0,00||21264,24|2551,71|0,00|0,00|0,00|0,00|0,00|||
|C190|020|6102|12,00|30377,48|21264,24|2551,71|0,00|0,00|9113,24|00,00||
|C100|1|0|833052350148450|55|00|3|204|41251062747840000170550030000002041626422115|28102025|28102025|48760,00|1|0,00||48760,00|1|0,00|0,00||34132,00|4095,84|0,00|0,00|0,00|0,00|0,00|||
|C190|020|6102|12,00|48760,00|34132,00|4095,84|0,00|0,00|14628,00|00,00||
|C100|1|0|833052350148450|55|00|3|205|41251062747840000170550030000002051864309640|28102025|28102025|45127,38|1|0,00||45127,38|1|0,00|0,00||31589,17|3790,70|0,00|0,00|0,00|0,00|0,00|||
|C190|020|6102|12,00|45127,38|31589,17|3790,70|0,00|0,00|13538,21|00,00||
|C100|1|0|833052350148450|55|00|3|207|41251062747840000170550030000002071306544106|29102025|29102025|38922,67|1|0,00||38922,67|1|0,00|0,00||27245,87|3269,50|0,00|0,00|0,00|0,00|0,00|||
|C190|020|6102|12,00|38922,67|27245,87|3269,50|0,00|0,00|11676,80|00,00||
|C100|1|0|833052350148450|55|00|3|208|41251062747840000170550030000002081172679301|29102025|29102025|38569,16|1|0,00||38569,16|1|0,00|0,00||26998,41|3239,81|0,00|0,00|0,00|0,00|0,00|||
|C190|020|6102|12,00|38569,16|26998,41|3239,81|0,00|0,00|11570,75|00,00||
|C100|1|0|833052350148450|55|00|3|209|41251062747840000170550030000002091829611229|29102025|29102025|38179,08|1|0,00||38179,08|1|0,00|0,00||26725,36|3207,04|0,00|0,00|0,00|0,00|0,00|||
|C190|020|6102|12,00|38179,08|26725,36|3207,04|0,00|0,00|11453,72|00,00||
|C100|1|0|833052350148450|55|00|3|210|41251062747840000170550030000002101038586408|29102025|29102025|45578,41|1|0,00||45578,41|1|0,00|0,00||31904,89|3828,59|0,00|0,00|0,00|0,00|0,00|||
|C190|020|6102|12,00|45578,41|31904,89|3828,59|0,00|0,00|13673,52|00,00||
|C100|1|0|833052350148450|55|00|3|212|41251062747840000170550030000002121113182474|30102025|30102025|44712,92|1|0,00||44712,92|1|0,00|0,00||31299,04|3755,88|0,00|0,00|0,00|0,00|0,00|||
|C190|020|6102|12,00|44712,92|31299,04|3755,88|0,00|0,00|13413,88|00,00||
|C100|1|0|833052350148450|55|00|3|213|41251062747840000170550030000002131118840787|30102025|30102025|45054,24|1|0,00||45054,24|1|0,00|0,00||31537,97|3784,56|0,00|0,00|0,00|0,00|0,00|||
|C190|020|6102|12,00|45054,24|31537,97|3784,56|0,00|0,00|13516,27|00,00||
|C100|1|0|833052350148450|55|00|3|214|41251062747840000170550030000002141725426883|30102025|30102025|47796,99|1|0,00||47796,99|1|0,00|0,00||33457,89|4014,95|0,00|0,00|0,00|0,00|0,00|||
|C190|020|6102|12,00|47796,99|33457,89|4014,95|0,00|0,00|14339,10|00,00||
|C100|1|0|833052350148450|55|00|3|216|41251062747840000170550030000002161434852678|30102025|30102025|38995,81|1|0,00||38995,81|1|0,00|0,00||27297,07|3275,65|0,00|0,00|0,00|0,00|0,00|||
|C190|020|6102|12,00|38995,81|27297,07|3275,65|0,00|0,00|11698,74|00,00||
|C100|1|0|833052350148450|55|00|3|217|41251062747840000170550030000002171124306265|30102025|30102025|38983,62|1|0,00||38983,62|1|0,00|0,00||27288,53|3274,62|0,00|0,00|0,00|0,00|0,00|||
|C190|020|6102|12,00|38983,62|27288,53|3274,62|0,00|0,00|11695,09|00,00||
|C100|1|0|833052350148450|55|00|3|218|41251062747840000170550030000002181926606110|30102025|30102025|38569,16|1|0,00||38569,16|1|0,00|0,00||26998,41|3239,81|0,00|0,00|0,00|0,00|0,00|||
|C190|020|6102|12,00|38569,16|26998,41|3239,81|0,00|0,00|11570,75|00,00||
|C100|1|0|833052350148450|55|00|3|220|41251062747840000170550030000002201920113721|31102025|31102025|44091,23|1|0,00||44091,23|1|0,00|0,00||30863,86|3703,66|0,00|0,00|0,00|0,00|0,00|||
|C190|020|6102|12,00|44091,23|30863,86|3703,66|0,00|0,00|13227,37|00,00||
|C100|1|0|833052350148450|55|00|3|221|41251062747840000170550030000002211854126295|31102025|31102025|45298,04|1|0,00||45298,04|1|0,00|0,00||31708,63|3805,04|0,00|0,00|0,00|0,00|0,00|||
|C190|020|6102|12,00|45298,04|31708,63|3805,04|0,00|0,00|13589,41|00,00||
|C100|1|0|833104410041040|55|00|3|70|41251062747840000170550030000000701432438401|06102025|06102025|37170,84|1|0,00||37170,84|1|0,00|0,00||26019,59|3122,35|0,00|0,00|0,00|0,00|0,00|||
|C190|020|6102|12,00|37170,84|26019,59|3122,35|0,00|0,00|11151,25|00,00||
|C100|1|0|833104410041040|55|00|3|87|41251062747840000170550030000000871002478553|06102025|06102025|36891,36|1|0,00||36891,36|1|0,00|0,00||25823,95|3098,87|0,00|0,00|0,00|0,00|0,00|||
|C190|020|6102|12,00|36891,36|25823,95|3098,87|0,00|0,00|11067,41|00,00||
|C100|1|0|833104410041040|55|00|3|113|41251062747840000170550030000001131435084103|09102025|09102025|57293,40|1|0,00||57293,40|1|0,00|0,00||40105,38|4812,65|0,00|0,00|0,00|0,00|0,00|||
|C190|020|6102|12,00|57293,40|40105,38|4812,65|0,00|0,00|17188,02|00,00||
|C100|1|0|833104410041040|55|00|3|133|41251062747840000170550030000001331188309301|11102025|11102025|41782,26|1|0,00||41782,26|1|0,00|0,00||29247,58|3509,71|0,00|0,00|0,00|0,00|0,00|||
|C190|020|6102|12,00|41782,26|29247,58|3509,71|0,00|0,00|12534,68|00,00||
|C100|1|0|869476809720|55|00|3|219|41251062747840000170550030000002191633612369|31102025|31102025|13600,00|1|0,00||13600,00|0|0,00|0,00||0,00|0,00|0,00|0,00|0,00|224,40|1033,60|||
|C190|051|5102|0,00|13600,00|0,00|0,00|0,00|0,00|0|00,00||
|C100|0|1|918308360001790|55|00|3|229158|43250991830836000179550030002291581560806637|26092025|04102025|1517,71|1|0,00||1517,71|1|0,00|0,00||1517,71|182,13|0,00|0,00|0,00|0,00|0,00|||
|C170|1|101010008|SOJA INTACTA - PARTICIPANTE|636,0000|KG|1517,71|0,00|0|000|2202|214|1517,71|12,00|182,13|0,00|0,00|0,00|0|||0,00|0,00|0,00|98|0,00|0,0000|0,00|0,0000|0,00|98|0,00|0,0000|0,00|0,0000|0,00||0,00|
|C190|000|2202|12,00|1517,71|1517,71|182,13|0,00|0,00|0|00,00||
|C100|0|1|918308360001790|55|00|3|229303|43250991830836000179550030002293031573834017|27092025|07102025|1889,98|1|0,00||1889,98|1|0,00|0,00||1889,98|226,80|0,00|0,00|0,00|0,00|0,00|||
|C170|1|101010008|SOJA INTACTA - PARTICIPANTE|792,0000|KG|1889,98|0,00|0|000|2202|214|1889,98|12,00|226,80|0,00|0,00|0,00|0|||0,00|0,00|0,00|98|0,00|0,0000|0,00|0,0000|0,00|98|0,00|0,0000|0,00|0,0000|0,00||0,00|
|C190|000|2202|12,00|1889,98|1889,98|226,80|0,00|0,00|0|00,00||
|C100|0|1|918308360001790|55|00|3|229511|43250991830836000179550030002295111538733474|30092025|04102025|190,91|1|0,00||190,91|1|0,00|0,00||190,91|22,91|0,00|0,00|0,00|0,00|0,00|||
|C170|1|101010008|SOJA INTACTA - PARTICIPANTE|80,0000|KG|190,91|0,00|0|000|2202|214|190,91|12,00|22,91|0,00|0,00|0,00|0|||0,00|0,00|0,00|98|0,00|0,0000|0,00|0,0000|0,00|98|0,00|0,0000|0,00|0,0000|0,00||0,00|
|C190|000|2202|12,00|190,91|190,91|22,91|0,00|0,00|0|00,00||
|C100|1|0|918308360001790|55|00|3|60|41251062747840000170550030000000601321006850|03102025|03102025|60395,45|1|0,00||60395,45|1|0,00|0,00||60395,45|7247,45|0,00|0,00|0,00|0,00|0,00|||
|C190|000|6102|12,00|60395,45|60395,45|7247,45|0,00|0,00|0|00,00||
|C100|1|0|918308360001790|55|00|3|61|41251062747840000170550030000000611180133106|03102025|03102025|60395,45|1|0,00||60395,45|1|0,00|0,00||60395,45|7247,45|0,00|0,00|0,00|0,00|0,00|||
|C190|000|6102|12,00|60395,45|60395,45|7247,45|0,00|0,00|0|00,00||
|C100|1|0|918308360001790|55|00|3|62|41251062747840000170550030000000621786606802|03102025|03102025|76715,91|1|0,00||76715,91|1|0,00|0,00||76715,91|9205,91|0,00|0,00|0,00|0,00|0,00|||
|C190|000|6102|12,00|76715,91|76715,91|9205,91|0,00|0,00|0|00,00||
|C100|1|0|918308360001790|55|00|3|64|41251062747840000170550030000000641115327912|03102025|03102025|74663,64|1|0,00||74663,64|1|0,00|0,00||74663,64|8959,64|0,00|0,00|0,00|0,00|0,00|||
|C190|000|6102|12,00|74663,64|74663,64|8959,64|0,00|0,00|0|00,00||
|C100|1|0|918308360001790|55|00|3|67|41251062747840000170550030000000671804646927|06102025|06102025|88443,18|1|0,00||88443,18|1|0,00|0,00||88443,18|10613,18|0,00|0,00|0,00|0,00|0,00|||
|C190|000|6102|12,00|88443,18|88443,18|10613,18|0,00|0,00|0|00,00||
|C100|1|0|918308360001790|55|00|3|68|41251062747840000170550030000000681687308270|06102025|06102025|77546,59|1|0,00||77546,59|1|0,00|0,00||77546,59|9305,59|0,00|0,00|0,00|0,00|0,00|||
|C190|000|6102|12,00|77546,59|77546,59|9305,59|0,00|0,00|0|00,00||
|C100|1|0|918308360001790|55|00|3|71|41251062747840000170550030000000711432685600|06102025|06102025|97434,09|1|0,00||97434,09|1|0,00|0,00||97434,09|11692,09|0,00|0,00|0,00|0,00|0,00|||
|C190|000|6102|12,00|97434,09|97434,09|11692,09|0,00|0,00|0|00,00||
|C100|1|0|918308360001790|55|00|3|72|41251062747840000170550030000000721120873506|06102025|06102025|97825,00|1|0,00||97825,00|1|0,00|0,00||97825,00|11739,00|0,00|0,00|0,00|0,00|0,00|||
|C190|000|6102|12,00|97825,00|97825,00|11739,00|0,00|0,00|0|00,00||
|C100|1|0|918308360001790|55|00|3|73|41251062747840000170550030000000731022589053|06102025|06102025|90397,73|1|0,00||90397,73|1|0,00|0,00||90397,73|10847,73|0,00|0,00|0,00|0,00|0,00|||
|C190|000|6102|12,00|90397,73|90397,73|10847,73|0,00|0,00|0|00,00||
|C100|1|0|918308360001790|55|00|3|75|41251062747840000170550030000000751721910610|06102025|06102025|334,09|1|0,00||334,09|1|0,00|0,00||334,09|40,09|0,00|0,00|0,00|0,00|0,00|||
|C190|000|6102|12,00|334,09|334,09|40,09|0,00|0,00|0|00,00||
|C100|1|0|918308360001790|55|00|3|76|41251062747840000170550030000000761416286124|06102025|06102025|238,63|1|0,00||238,63|1|0,00|0,00||238,63|28,64|0,00|0,00|0,00|0,00|0,00|||
|C190|000|6102|12,00|238,63|238,63|28,64|0,00|0,00|0|00,00||
|C100|1|0|918308360001790|55|00|3|77|41251062747840000170550030000000771911643111|06102025|06102025|238,63|1|0,00||238,63|1|0,00|0,00||238,63|28,64|0,00|0,00|0,00|0,00|0,00|||
|C190|000|6102|12,00|238,63|238,63|28,64|0,00|0,00|0|00,00||
|C100|1|0|918308360001790|55|00|3|78|41251062747840000170550030000000781522492802|06102025|06102025|381,81|1|0,00||381,81|1|0,00|0,00||381,81|45,82|0,00|0,00|0,00|0,00|0,00|||
|C190|000|6102|12,00|381,81|381,81|45,82|0,00|0,00|0|00,00||
|C100|1|0|918308360001790|55|00|3|79|41251062747840000170550030000000791162516850|06102025|06102025|429,54|1|0,00||429,54|1|0,00|0,00||429,54|51,54|0,00|0,00|0,00|0,00|0,00|||
|C190|000|6102|12,00|429,54|429,54|51,54|0,00|0,00|0|00,00||
|C100|1|0|918308360001790|55|00|3|80|41251062747840000170550030000000801966242165|06102025|06102025|238,63|1|0,00||238,63|1|0,00|0,00||238,63|28,64|0,00|0,00|0,00|0,00|0,00|||
|C190|000|6102|12,00|238,63|238,63|28,64|0,00|0,00|0|00,00||
|C100|1|0|918308360001790|55|00|3|81|41251062747840000170550030000000811440348649|06102025|06102025|524,99|1|0,00||524,99|1|0,00|0,00||524,99|63,00|0,00|0,00|0,00|0,00|0,00|||
|C190|000|6102|12,00|524,99|524,99|63,00|0,00|0,00|0|00,00||
|C100|1|0|918308360001790|55|00|3|82|41251062747840000170550030000000821861118353|06102025|06102025|548,86|1|0,00||548,86|1|0,00|0,00||548,86|65,86|0,00|0,00|0,00|0,00|0,00|||
|C190|000|6102|12,00|548,86|548,86|65,86|0,00|0,00|0|00,00||
|C100|1|0|918308360001790|55|00|3|83|41251062747840000170550030000000831114388557|06102025|06102025|644,31|1|0,00||644,31|1|0,00|0,00||644,31|77,32|0,00|0,00|0,00|0,00|0,00|||
|C190|000|6102|12,00|644,31|644,31|77,32|0,00|0,00|0|00,00||
|C100|1|0|918308360001790|55|00|3|84|41251062747840000170550030000000841828242720|06102025|06102025|525,00|1|0,00||525,00|1|0,00|0,00||525,00|63,00|0,00|0,00|0,00|0,00|0,00|||
|C190|000|6102|12,00|525,00|525,00|63,00|0,00|0,00|0|00,00||
|C100|1|0|918308360001790|55|00|3|85|41251062747840000170550030000000851828563221|06102025|06102025|572,72|1|0,00||572,72|1|0,00|0,00||572,72|68,73|0,00|0,00|0,00|0,00|0,00|||
|C190|000|6102|12,00|572,72|572,72|68,73|0,00|0,00|0|00,00||
|C100|1|0|918308360001790|55|00|3|86|41251062747840000170550030000000861110280117|06102025|06102025|501,13|1|0,00||501,13|1|0,00|0,00||501,13|60,14|0,00|0,00|0,00|0,00|0,00|||
|C190|000|6102|12,00|501,13|501,13|60,14|0,00|0,00|0|00,00||
|C100|1|0|918308360001790|55|00|3|88|41251062747840000170550030000000881150283472|06102025|06102025|548,86|1|0,00||548,86|1|0,00|0,00||548,86|65,86|0,00|0,00|0,00|0,00|0,00|||
|C190|000|6102|12,00|548,86|548,86|65,86|0,00|0,00|0|00,00||
|C100|1|0|918308360001790|55|00|3|89|41251062747840000170550030000000891129624883|06102025|06102025|90593,18|1|0,00||90593,18|1|0,00|0,00||90593,18|10871,18|0,00|0,00|0,00|0,00|0,00|||
|C190|000|6102|12,00|90593,18|90593,18|10871,18|0,00|0,00|0|00,00||
|C100|1|0|918308360001790|55|00|3|90|41251062747840000170550030000000901621801620|07102025|07102025|60371,02|1|0,00||60371,02|1|0,00|0,00||60371,02|7244,52|0,00|0,00|0,00|0,00|0,00|||
|C190|000|6102|12,00|60371,02|60371,02|7244,52|0,00|0,00|0|00,00||
|C100|1|0|918308360001790|55|00|3|91|41251062747840000170550030000000911182916409|07102025|07102025|60371,02|1|0,00||60371,02|1|0,00|0,00||60371,02|7244,52|0,00|0,00|0,00|0,00|0,00|||
|C190|000|6102|12,00|60371,02|60371,02|7244,52|0,00|0,00|0|00,00||
|C100|1|0|918308360001790|55|00|3|92|41251062747840000170550030000000921233586254|07102025|07102025|90642,05|1|0,00||90642,05|1|0,00|0,00||90642,05|10877,05|0,00|0,00|0,00|0,00|0,00|||
|C190|000|6102|12,00|90642,05|90642,05|10877,05|0,00|0,00|0|00,00||
|C100|1|0|918308360001790|55|00|3|94|41251062747840000170550030000000941956341239|07102025|07102025|96701,14|1|0,00||96701,14|1|0,00|0,00||96701,14|11604,14|0,00|0,00|0,00|0,00|0,00|||
|C190|000|6102|12,00|96701,14|96701,14|11604,14|0,00|0,00|0|00,00||
|C100|1|0|918308360001790|55|00|3|95|41251062747840000170550030000000951546427874|07102025|07102025|97580,68|1|0,00||97580,68|1|0,00|0,00||97580,68|11709,68|0,00|0,00|0,00|0,00|0,00|||
|C190|000|6102|12,00|97580,68|97580,68|11709,68|0,00|0,00|0|00,00||
|C100|1|0|918308360001790|55|00|3|96|41251062747840000170550030000000961432346198|07102025|07102025|77106,82|1|0,00||77106,82|1|0,00|0,00||77106,82|9252,82|0,00|0,00|0,00|0,00|0,00|||
|C190|000|6102|12,00|77106,82|77106,82|9252,82|0,00|0,00|0|00,00||
|C100|1|0|918308360001790|55|00|3|97|41251062747840000170550030000000971769160740|07102025|07102025|88638,64|1|0,00||88638,64|1|0,00|0,00||88638,64|10636,64|0,00|0,00|0,00|0,00|0,00|||
|C190|000|6102|12,00|88638,64|88638,64|10636,64|0,00|0,00|0|00,00||
|C100|1|0|918308360001790|55|00|3|99|41251062747840000170550030000000991686253746|08102025|08102025|96603,41|1|0,00||96603,41|1|0,00|0,00||96603,41|11592,41|0,00|0,00|0,00|0,00|0,00|||
|C190|000|6102|12,00|96603,41|96603,41|11592,41|0,00|0,00|0|00,00||
|C100|1|0|918308360001790|55|00|3|100|41251062747840000170550030000001001283482162|08102025|08102025|77937,50|1|0,00||77937,50|1|0,00|0,00||77937,50|9352,50|0,00|0,00|0,00|0,00|0,00|||
|C190|000|6102|12,00|77937,50|77937,50|9352,50|0,00|0,00|0|00,00||
|C100|1|0||55|02|3|101|41251062747840000170550030000001011881367925|||||||||||||||||||||
|C100|1|0|918308360001790|55|00|3|104|41251062747840000170550030000001041847028872|08102025|08102025|77253,41|1|0,00||77253,41|1|0,00|0,00||77253,41|9270,41|0,00|0,00|0,00|0,00|0,00|||
|C190|000|6102|12,00|77253,41|77253,41|9270,41|0,00|0,00|0|00,00||
|C100|1|0|918308360001790|55|00|3|112|41251062747840000170550030000001121128437907|08102025|08102025|77693,18|1|0,00||77693,18|1|0,00|0,00||77693,18|9323,18|0,00|0,00|0,00|0,00|0,00|||
|C190|000|6102|12,00|77693,18|77693,18|9323,18|0,00|0,00|0|00,00||
|C100|1|0|918308360001790|55|00|3|117|41251062747840000170550030000001171878007417|09102025|09102025|76911,36|1|0,00||76911,36|1|0,00|0,00||76911,36|9229,36|0,00|0,00|0,00|0,00|0,00|||
|C190|000|6102|12,00|76911,36|76911,36|9229,36|0,00|0,00|0|00,00||
|C100|1|0|918308360001790|55|00|3|120|41251062747840000170550030000001201011122355|10102025|10102025|96554,55|1|0,00||96554,55|1|0,00|0,00||96554,55|11586,55|0,00|0,00|0,00|0,00|0,00|||
|C190|000|6102|12,00|96554,55|96554,55|11586,55|0,00|0,00|0|00,00||
|C100|1|0|918308360001790|55|00|3|138|41251062747840000170550030000001381134806419|13102025|13102025|96163,64|1|0,00||96163,64|1|0,00|0,00||96163,64|11539,64|0,00|0,00|0,00|0,00|0,00|||
|C190|000|6102|12,00|96163,64|96163,64|11539,64|0,00|0,00|0|00,00||
|C100|1|0|918308360001790|55|00|3|139|41251062747840000170550030000001391004214608|13102025|13102025|77106,82|1|0,00||77106,82|1|0,00|0,00||77106,82|9252,82|0,00|0,00|0,00|0,00|0,00|||
|C190|000|6102|12,00|77106,82|77106,82|9252,82|0,00|0,00|0|00,00||
|C100|1|0|918308360001790|55|00|3|141|41251062747840000170550030000001411623141555|13102025|13102025|95039,77|1|0,00||95039,77|1|0,00|0,00||95039,77|11404,77|0,00|0,00|0,00|0,00|0,00|||
|C190|000|6102|12,00|95039,77|95039,77|11404,77|0,00|0,00|0|00,00||
|C100|1|0|918308360001790|55|00|3|143|41251062747840000170550030000001431723041301|14102025|14102025|86244,32|1|0,00||86244,32|1|0,00|0,00||86244,32|10349,32|0,00|0,00|0,00|0,00|0,00|||
|C190|000|6102|12,00|86244,32|86244,32|10349,32|0,00|0,00|0|00,00||
|C100|1|0|918308360001790|55|00|3|165|41251062747840000170550030000001651609929860|16102025|16102025|59857,95|1|0,00||59857,95|1|0,00|0,00||59857,95|7182,95|0,00|0,00|0,00|0,00|0,00|||
|C190|000|6102|12,00|59857,95|59857,95|7182,95|0,00|0,00|0|00,00||
|C100|1|0|918308360001790|55|00|3|166|41251062747840000170550030000001661248557919|16102025|16102025|59857,96|1|0,00||59857,96|1|0,00|0,00||59857,96|7182,96|0,00|0,00|0,00|0,00|0,00|||
|C190|000|6102|12,00|59857,96|59857,96|7182,96|0,00|0,00|0|00,00||
|C100|1|0|918308360001790|55|00|3|170|41251062747840000170550030000001701213115947|16102025|16102025|78181,81|1|0,00||78181,81|1|0,00|0,00||78181,81|9381,82|0,00|0,00|0,00|0,00|0,00|||
|C190|000|6102|12,00|78181,81|78181,81|9381,82|0,00|0,00|0|00,00||
|C100|1|0|918308360001790|55|00|3|195|41251062747840000170550030000001951212063616|28102025|28102025|244,32|1|0,00||244,32|1|0,00|0,00||244,32|29,32|0,00|0,00|0,00|0,00|0,00|||
|C190|000|6102|12,00|244,32|244,32|29,32|0,00|0,00|0|00,00||
|C100|1|0|918308360001790|55|00|3|196|41251062747840000170550030000001961622509816|28102025|28102025|219,89|1|0,00||219,89|1|0,00|0,00||219,89|26,39|0,00|0,00|0,00|0,00|0,00|||
|C190|000|6102|12,00|219,89|219,89|26,39|0,00|0,00|0|00,00||
|C100|1|0|918308360001790|55|00|3|197|41251062747840000170550030000001971138282954|28102025|28102025|219,89|1|0,00||219,89|1|0,00|0,00||219,89|26,39|0,00|0,00|0,00|0,00|0,00|||
|C190|000|6102|12,00|219,89|219,89|26,39|0,00|0,00|0|00,00||
|C100|1|0|918308360001790|55|00|3|198|41251062747840000170550030000001981289389305|28102025|28102025|268,75|1|0,00||268,75|1|0,00|0,00||268,75|32,25|0,00|0,00|0,00|0,00|0,00|||
|C190|000|6102|12,00|268,75|268,75|32,25|0,00|0,00|0|00,00||
|C100|1|0|918308360001790|55|00|3|199|41251062747840000170550030000001991438471200|28102025|28102025|244,32|1|0,00||244,32|1|0,00|0,00||244,32|29,32|0,00|0,00|0,00|0,00|0,00|||
|C190|000|6102|12,00|244,32|244,32|29,32|0,00|0,00|0|00,00||
|C100|1|0|918308360001790|55|00|3|200|41251062747840000170550030000002001101462670|28102025|28102025|610,79|1|0,00||610,79|1|0,00|0,00||610,79|73,29|0,00|0,00|0,00|0,00|0,00|||
|C190|000|6102|12,00|610,79|610,79|73,29|0,00|0,00|0|00,00||
|C100|1|0|918308360001790|55|00|3|201|41251062747840000170550030000002011786942441|28102025|28102025|244,32|1|0,00||244,32|1|0,00|0,00||244,32|29,32|0,00|0,00|0,00|0,00|0,00|||
|C190|000|6102|12,00|244,32|244,32|29,32|0,00|0,00|0|00,00||
|C100|1|0|918308360001790|55|00|3|202|41251062747840000170550030000002021029272828|28102025|28102025|659,66|1|0,00||659,66|1|0,00|0,00||659,66|79,16|0,00|0,00|0,00|0,00|0,00|||
|C190|000|6102|12,00|659,66|659,66|79,16|0,00|0,00|0|00,00||
|C100|1|0|918308360001790|55|00|3|203|41251062747840000170550030000002031520259167|28102025|28102025|488,63|1|0,00||488,63|1|0,00|0,00||488,63|58,64|0,00|0,00|0,00|0,00|0,00|||
|C190|000|6102|12,00|488,63|488,63|58,64|0,00|0,00|0|00,00||
|C990|833|
|D001|0|
|D100|1|0|053662610001430|57|00|2||25|41251062747840000170570020000000251137100751|07102025|07102025|0||2950,80||1|2950,80|0,00|0,00|||111010001|4115408|4104808|
|D190|040|5353|0,00|2950,80|0,00|0,00|0||
|D100|1|0|053662610003050|57|00|2||250|41251062747840000170570020000002501266520629|29102025|29102025|0||5766,40||1|5766,40|5766,40|691,97|||111010001|4115408|4314100|
|D190|000|6353|12,00|5766,40|5766,40|691,97|0||
|D100|1|0|053662610003050|57|00|2||251|41251062747840000170570020000002511333811615|29102025|29102025|0||5792,48||1|5792,48|5792,48|695,10|||111010001|4115408|4314100|
|D190|000|6353|12,00|5792,48|5792,48|695,10|0||
|D100|1|0|053662610003050|57|00|2||273|41251062747840000170570020000002731981818126|31102025|31102025|0||7537,90||1|7537,90|0,00|0,00|||111010001|4115408|4314100|
|D190|090|6932|0,00|7537,90|0,00|0,00|0||
|D100|1|0|053662610003050|57|00|2||274|41251062747840000170570020000002741555152264|31102025|31102025|0||7685,64||1|7685,64|0,00|0,00|||111010001|4115408|4314100|
|D190|090|6932|0,00|7685,64|0,00|0,00|0||
|D100|1|0|053662610005770|57|00|2||138|41251062747840000170570020000001381081655161|20102025|20102025|0||3700,00||1|3700,00|0,00|0,00|||111010001|4115408|4115200|
|D190|040|5353|0,00|3700,00|0,00|0,00|0||
|D100|1|0|053662610005770|57|00|2||144|41251062747840000170570020000001441909512566|20102025|20102025|0||3700,00||1|3700,00|0,00|0,00|||111010001|4115408|4115200|
|D190|040|5353|0,00|3700,00|0,00|0,00|0||
|D100|1|0|053662610006580|57|00|2||45|41251062747840000170570020000000451926202679|09102025|09102025|0||3203,00||1|3203,00|0,00|0,00|||111010001|4115408|4107504|
|D190|040|5353|0,00|3203,00|0,00|0,00|0||
|D100|1|0|053662610006580|57|00|2||155|41251062747840000170570020000001551456873973|21102025|21102025|0||5210,00||1|5210,00|0,00|0,00|||111010001|4115408|4107504|
|D190|040|5353|0,00|5210,00|0,00|0,00|0||
|D100|1|0|053662610006580|57|00|2||163|41251062747840000170570020000001631923196221|22102025|22102025|0||5210,00||1|5210,00|0,00|0,00|||111010001|4115408|4107504|
|D190|040|5353|0,00|5210,00|0,00|0,00|0||
|D100|1|0|053662610006580|57|00|2||194|41251062747840000170570020000001941933739216|23102025|23102025|0||1580,00||1|1580,00|0,00|0,00|||111010001|4115408|4107504|
|D190|040|5353|0,00|1580,00|0,00|0,00|0||
|D100|1|0|053662610006580|57|00|2||214|41251062747840000170570020000002141179926779|24102025|24102025|0||1580,00||1|1580,00|0,00|0,00|||111010001|4115408|4107504|
|D190|040|5353|0,00|1580,00|0,00|0,00|0||
|D100|1|0|089900510001100|57|00|2||239|41251062747840000170570020000002391122496073|28102025|28102025|0||7045,45||1|7045,45|0,00|0,00|||111010001|4115408|5107925|
|D190|090|6932|0,00|7045,45|0,00|0,00|0||
|D100|1|0|089900510001100|57|00|2||246|41251062747840000170570020000002461836140257|29102025|29102025|0||7806,82||1|7806,82|0,00|0,00|||111010001|4115408|5107925|
|D190|090|6932|0,00|7806,82|0,00|0,00|0||
|D100|1|0|409387620001580|57|00|2||12|41251062747840000170570020000000121862360987|06102025|06102025|0||3410,00||1|3410,00|0,00|0,00|||111010001|4115408|4104808|
|D190|040|5353|0,00|3410,00|0,00|0,00|0||
|D100|1|0|409387620001580|57|00|2||13|41251062747840000170570020000000131311448346|06102025|06102025|0||565,00||1|565,00|0,00|0,00|||111010001|4115408|4104808|
|D190|040|5353|0,00|565,00|0,00|0,00|0||
|D100|1|0|409387620001580|57|00|2||14|41251062747840000170570020000000141064792698|06102025|06102025|0||565,00||1|565,00|0,00|0,00|||111010001|4115408|4104808|
|D190|040|5353|0,00|565,00|0,00|0,00|0||
|D100|1|0|409387620001580|57|00|2||15|41251062747840000170570020000000151053442396|06102025|06102025|0||565,00||1|565,00|0,00|0,00|||111010001|4115408|4104808|
|D190|040|5353|0,00|565,00|0,00|0,00|0||
|D100|1|0|409387620001580|57|00|2||16|41251062747840000170570020000000161484488740|06102025|06102025|0||645,00||1|645,00|0,00|0,00|||111010001|4115408|4104808|
|D190|040|5353|0,00|645,00|0,00|0,00|0||
|D100|1|0|409387620001580|57|00|2||17|41251062747840000170570020000000171562082813|06102025|06102025|0||645,00||1|645,00|0,00|0,00|||111010001|4115408|4104808|
|D190|040|5353|0,00|645,00|0,00|0,00|0||
|D100|1|0|409387620001580|57|00|2||18|41251062747840000170570020000000181352561178|06102025|06102025|0||645,00||1|645,00|0,00|0,00|||111010001|4115408|4104808|
|D190|040|5353|0,00|645,00|0,00|0,00|0||
|D100|1|0|409387620001580|57|00|2||19|41251062747840000170570020000000191398929078|06102025|06102025|0||645,00||1|645,00|0,00|0,00|||111010001|4115408|4104808|
|D190|040|5353|0,00|645,00|0,00|0,00|0||
|D100|1|0|409387620001580|57|00|2||20|41251062747840000170570020000000201597697810|06102025|06102025|0||3120,00||1|3120,00|0,00|0,00|||111010001|4115408|4104808|
|D190|040|5353|0,00|3120,00|0,00|0,00|0||
|D100|1|0|409387620001580|57|00|2||34|41251062747840000170570020000000341852253395|08102025|08102025|0||2860,00||1|2860,00|0,00|0,00|||111010001|4115408|4104808|
|D190|040|5353|0,00|2860,00|0,00|0,00|0||
|D100|1|0|409387620001580|57|00|2||35|41251062747840000170570020000000351473068830|08102025|08102025|0||3570,00||1|3570,00|0,00|0,00|||111010001|4115408|4104808|
|D190|040|5353|0,00|3570,00|0,00|0,00|0||
|D100|1|0|409387620001580|57|00|2||37|41251062747840000170570020000000371256535795|08102025|08102025|0||3570,00||1|3570,00|0,00|0,00|||111010001|4115408|4104808|
|D190|040|5353|0,00|3570,00|0,00|0,00|0||
|D100|1|0|409387620001580|57|00|2||43|41251062747840000170570020000000431920149321|09102025|09102025|0||2200,00||1|2200,00|0,00|0,00|||111010001|4115408|4104808|
|D190|040|5353|0,00|2200,00|0,00|0,00|0||
|D100|1|0|409387620001580|57|00|2||61|41251062747840000170570020000000611949737327|13102025|13102025|0||1100,00||1|1100,00|0,00|0,00|||111010001|4115408|4104808|
|D190|040|5353|0,00|1100,00|0,00|0,00|0||
|D100|1|0|409387620001580|57|00|2||67|41251062747840000170570020000000671570039435|13102025|13102025|0||5320,00||1|5320,00|0,00|0,00|||111010001|4115408|4104808|
|D190|040|5353|0,00|5320,00|0,00|0,00|0||
|D100|1|0|409387620001580|57|00|2||68|41251062747840000170570020000000681316095644|13102025|13102025|0||2760,00||1|2760,00|0,00|0,00|||111010001|4115408|4104808|
|D190|040|5353|0,00|2760,00|0,00|0,00|0||
|D100|1|0|409387620001580|57|00|2||73|41251062747840000170570020000000731024232587|14102025|14102025|0||650,00||1|650,00|0,00|0,00|||111010001|4115408|4104808|
|D190|040|5353|0,00|650,00|0,00|0,00|0||
|D100|1|0|409387620001580|57|00|2||74|41251062747840000170570020000000741066368611|14102025|14102025|0||650,00||1|650,00|0,00|0,00|||111010001|4115408|4104808|
|D190|040|5353|0,00|650,00|0,00|0,00|0||
|D100|1|0|409387620001580|57|00|2||75|41251062747840000170570020000000751353163202|14102025|14102025|0||1956,99||1|1956,99|0,00|0,00|||111010001|4115408|4104808|
|D190|040|5353|0,00|1956,99|0,00|0,00|0||
|D100|1|0|409387620001580|57|00|2||82|41251062747840000170570020000000821594805959|15102025|15102025|0||5852,00||1|5852,00|0,00|0,00|||111010001|4115408|4104808|
|D190|040|5353|0,00|5852,00|0,00|0,00|0||
|D100|1|0|409387620001580|57|00|2||83|41251062747840000170570020000000831076801139|15102025|15102025|0||950,00||1|950,00|0,00|0,00|||111010001|4115408|4104808|
|D190|040|5353|0,00|950,00|0,00|0,00|0||
|D100|1|0|409387620001580|57|00|2||84|41251062747840000170570020000000841043467970|15102025|15102025|0||950,00||1|950,00|0,00|0,00|||111010001|4115408|4104808|
|D190|040|5353|0,00|950,00|0,00|0,00|0||
|D100|1|0|409387620001580|57|00|2||85|41251062747840000170570020000000851899446938|15102025|15102025|0||950,00||1|950,00|0,00|0,00|||111010001|4115408|4104808|
|D190|040|5353|0,00|950,00|0,00|0,00|0||
|D100|1|0|409387620001580|57|00|2||86|41251062747840000170570020000000861869227615|15102025|15102025|0||950,00||1|950,00|0,00|0,00|||111010001|4115408|4104808|
|D190|040|5353|0,00|950,00|0,00|0,00|0||
|D100|1|0|409387620001580|57|00|2||89|41251062747840000170570020000000891693612068|15102025|15102025|0||500,00||1|500,00|0,00|0,00|||111010001|4115408|4104808|
|D190|040|5353|0,00|500,00|0,00|0,00|0||
|D100|1|0|409387620001580|57|00|2||90|41251062747840000170570020000000901809106741|15102025|15102025|0||500,00||1|500,00|0,00|0,00|||111010001|4115408|4104808|
|D190|040|5353|0,00|500,00|0,00|0,00|0||
|D100|1|0|409387620001580|57|00|2||91|41251062747840000170570020000000911502544400|15102025|15102025|0||500,00||1|500,00|0,00|0,00|||111010001|4115408|4104808|
|D190|040|5353|0,00|500,00|0,00|0,00|0||
|D100|1|0|409387620001580|57|00|2||92|41251062747840000170570020000000921730708243|15102025|15102025|0||500,00||1|500,00|0,00|0,00|||111010001|4115408|4104808|
|D190|040|5353|0,00|500,00|0,00|0,00|0||
|D100|1|0|409387620001580|57|00|2||93|41251062747840000170570020000000931911521037|15102025|15102025|0||500,00||1|500,00|0,00|0,00|||111010001|4115408|4104808|
|D190|040|5353|0,00|500,00|0,00|0,00|0||
|D100|1|0|409387620001580|57|00|2||97|41251062747840000170570020000000971298877986|15102025|15102025|0||4705,00||1|4705,00|0,00|0,00|||111010001|4115408|4104808|
|D190|040|5353|0,00|4705,00|0,00|0,00|0||
|D100|1|0|409387620001580|57|00|2||101|41251062747840000170570020000001011185730720|16102025|16102025|0||1950,00||1|1950,00|0,00|0,00|||111010001|4115408|4104808|
|D190|040|5353|0,00|1950,00|0,00|0,00|0||
|D100|1|0|409387620001580|57|00|2||116|41251062747840000170570020000001161202166975|17102025|17102025|0||730,00||1|730,00|0,00|0,00|||111010001|4115408|4104808|
|D190|040|5353|0,00|730,00|0,00|0,00|0||
|D100|1|0|409387620001580|57|00|2||117|41251062747840000170570020000001171160061795|17102025|17102025|0||730,00||1|730,00|0,00|0,00|||111010001|4115408|4104808|
|D190|040|5353|0,00|730,00|0,00|0,00|0||
|D100|1|0|409387620001580|57|00|2||118|41251062747840000170570020000001181755331850|17102025|17102025|0||730,00||1|730,00|0,00|0,00|||111010001|4115408|4104808|
|D190|040|5353|0,00|730,00|0,00|0,00|0||
|D100|1|0|409387620001580|57|00|2||120|41251062747840000170570020000001201086764690|17102025|17102025|0||606,00||1|606,00|0,00|0,00|||111010001|4115408|4104808|
|D190|040|5353|0,00|606,00|0,00|0,00|0||
|D100|1|0|409387620001580|57|00|2||121|41251062747840000170570020000001211207614496|17102025|17102025|0||606,00||1|606,00|0,00|0,00|||111010001|4115408|4104808|
|D190|040|5353|0,00|606,00|0,00|0,00|0||
|D100|1|0|409387620001580|57|00|2||123|41251062747840000170570020000001231032687168|17102025|17102025|0||5045,00||1|5045,00|0,00|0,00|||111010001|4115408|4104808|
|D190|040|5353|0,00|5045,00|0,00|0,00|0||
|D100|1|0|409387620001580|57|00|2||126|41251062747840000170570020000001261034012348|17102025|17102025|0||1325,00||1|1325,00|0,00|0,00|||111010001|4115408|4104808|
|D190|040|5353|0,00|1325,00|0,00|0,00|0||
|D100|1|0|409387620001580|57|00|2||127|41251062747840000170570020000001271017756927|18102025|18102025|0||2460,00||1|2460,00|0,00|0,00|||111010001|4115408|4104808|
|D190|040|5353|0,00|2460,00|0,00|0,00|0||
|D100|1|0|409387620001580|57|00|2||128|41251062747840000170570020000001281003696479|18102025|18102025|0||3150,00||1|3150,00|0,00|0,00|||111010001|4115408|4104808|
|D190|040|5353|0,00|3150,00|0,00|0,00|0||
|D100|1|0|409387620001580|57|00|2||129|41251062747840000170570020000001291487202841|18102025|18102025|0||3150,00||1|3150,00|0,00|0,00|||111010001|4115408|4104808|
|D190|040|5353|0,00|3150,00|0,00|0,00|0||
|D100|1|0|409387620001580|57|00|2||134|41251062747840000170570020000001341525080698|20102025|20102025|0||2709,68||1|2709,68|0,00|0,00|||111010001|4115408|4104808|
|D190|040|5353|0,00|2709,68|0,00|0,00|0||
|D100|1|0|409387620001580|57|00|2||139|41251062747840000170570020000001391000978027|20102025|20102025|0||540,00||1|540,00|0,00|0,00|||111010001|4115408|4104808|
|D190|040|5353|0,00|540,00|0,00|0,00|0||
|D100|1|0|409387620001580|57|00|2||140|41251062747840000170570020000001401786390922|20102025|20102025|0||540,00||1|540,00|0,00|0,00|||111010001|4115408|4104808|
|D190|040|5353|0,00|540,00|0,00|0,00|0||
|D100|1|0|409387620001580|57|00|2||141|41251062747840000170570020000001411473553617|20102025|20102025|0||540,00||1|540,00|0,00|0,00|||111010001|4115408|4104808|
|D190|040|5353|0,00|540,00|0,00|0,00|0||
|D100|1|0|409387620001580|57|00|2||142|41251062747840000170570020000001421130470789|20102025|20102025|0||540,00||1|540,00|0,00|0,00|||111010001|4115408|4104808|
|D190|040|5353|0,00|540,00|0,00|0,00|0||
|D100|1|0|409387620001580|57|00|2||143|41251062747840000170570020000001431776491604|20102025|20102025|0||942,50||1|942,50|0,00|0,00|||111010001|4115408|4104808|
|D190|040|5353|0,00|942,50|0,00|0,00|0||
|D100|1|0|409387620001580|57|00|2||148|41251062747840000170570020000001481801728303|21102025|21102025|0||1122,50||1|1122,50|0,00|0,00|||111010001|4115408|4104808|
|D190|040|5353|0,00|1122,50|0,00|0,00|0||
|D100|1|0|409387620001580|57|00|2||152|41251062747840000170570020000001521307687823|21102025|21102025|0||1190,00||1|1190,00|0,00|0,00|||111010001|4115408|4104808|
|D190|040|5353|0,00|1190,00|0,00|0,00|0||
|D100|1|0|409387620001580|57|00|2||157|41251062747840000170570020000001571712876845|21102025|21102025|0||2760,00||1|2760,00|0,00|0,00|||111010001|4115408|4104808|
|D190|040|5353|0,00|2760,00|0,00|0,00|0||
|D100|1|0|409387620001580|57|00|2||158|41251062747840000170570020000001581635922202|21102025|21102025|0||4620,00||1|4620,00|0,00|0,00|||111010001|4115408|4104808|
|D190|040|5353|0,00|4620,00|0,00|0,00|0||
|D100|1|0|409387620001580|57|00|2||159|41251062747840000170570020000001591679112254|21102025|21102025|0||3350,00||1|3350,00|0,00|0,00|||111010001|4115408|4104808|
|D190|040|5353|0,00|3350,00|0,00|0,00|0||
|D100|1|0|409387620001580|57|00|2||160|41251062747840000170570020000001601825598323|21102025|21102025|0||3350,00||1|3350,00|0,00|0,00|||111010001|4115408|4104808|
|D190|040|5353|0,00|3350,00|0,00|0,00|0||
|D100|1|0|409387620001580|57|00|2||161|41251062747840000170570020000001611339035570|21102025|21102025|0||3350,00||1|3350,00|0,00|0,00|||111010001|4115408|4104808|
|D190|040|5353|0,00|3350,00|0,00|0,00|0||
|D100|1|0|409387620001580|57|00|2||162|41251062747840000170570020000001621055534285|22102025|22102025|0||1325,00||1|1325,00|0,00|0,00|||111010001|4115408|4104808|
|D190|040|5353|0,00|1325,00|0,00|0,00|0||
|D100|1|0|409387620001580|57|00|2||164|41251062747840000170570020000001641483641238|22102025|22102025|0||1040,00||1|1040,00|0,00|0,00|||111010001|4115408|4104808|
|D190|040|5353|0,00|1040,00|0,00|0,00|0||
|D100|1|0|409387620001580|57|00|2||165|41251062747840000170570020000001651147497469|22102025|22102025|0||2990,00||1|2990,00|0,00|0,00|||111010001|4115408|4104808|
|D190|040|5353|0,00|2990,00|0,00|0,00|0||
|D100|1|0|409387620001580|57|00|2||168|41251062747840000170570020000001681747395090|22102025|22102025|0||1122,50||1|1122,50|0,00|0,00|||111010001|4115408|4104808|
|D190|040|5353|0,00|1122,50|0,00|0,00|0||
|D100|1|0|409387620001580|57|00|2||169|41251062747840000170570020000001691693781733|22102025|22102025|0||647,00||1|647,00|0,00|0,00|||111010001|4115408|4104808|
|D190|040|5353|0,00|647,00|0,00|0,00|0||
|D100|1|0|409387620001580|57|00|2||170|41251062747840000170570020000001701627960103|22102025|22102025|0||647,00||1|647,00|0,00|0,00|||111010001|4115408|4104808|
|D190|040|5353|0,00|647,00|0,00|0,00|0||
|D100|1|0|409387620001580|57|00|2||171|41251062747840000170570020000001711484287548|22102025|22102025|0||647,00||1|647,00|0,00|0,00|||111010001|4115408|4104808|
|D190|040|5353|0,00|647,00|0,00|0,00|0||
|D100|1|0|409387620001580|57|00|2||174|41251062747840000170570020000001741087200812|23102025|23102025|0||584,00||1|584,00|0,00|0,00|||111010001|4115408|4104808|
|D190|040|5353|0,00|584,00|0,00|0,00|0||
|D100|1|0|409387620001580|57|00|2||175|41251062747840000170570020000001751411434876|23102025|23102025|0||584,00||1|584,00|0,00|0,00|||111010001|4115408|4104808|
|D190|040|5353|0,00|584,00|0,00|0,00|0||
|D100|1|0|409387620001580|57|00|2||196|41251062747840000170570020000001961930418421|23102025|23102025|0||1250,00||1|1250,00|0,00|0,00|||111010001|4115408|4104808|
|D190|040|5353|0,00|1250,00|0,00|0,00|0||
|D100|1|0|409387620001580|57|00|2||197|41251062747840000170570020000001971106279428|23102025|23102025|0||1250,00||1|1250,00|0,00|0,00|||111010001|4115408|4104808|
|D190|040|5353|0,00|1250,00|0,00|0,00|0||
|D100|1|0|409387620001580|57|00|2||198|41251062747840000170570020000001981033721956|23102025|23102025|0||2760,22||1|2760,22|2760,22|331,23|||111010001|4115408|4104808|
|D190|000|6353|12,00|2760,22|2760,22|331,23|0||
|D100|1|0|409387620001580|57|00|2||212|41251062747840000170570020000002121203487747|24102025|24102025|0||942,50||1|942,50|0,00|0,00|||111010001|4115408|4104808|
|D190|040|5353|0,00|942,50|0,00|0,00|0||
|D100|1|0|409387620001580|57|00|2||213|41251062747840000170570020000002131279884620|24102025|24102025|0||2450,00||1|2450,00|0,00|0,00|||111010001|4115408|4104808|
|D190|040|5353|0,00|2450,00|0,00|0,00|0||
|D100|1|0|409387620001580|57|00|2||219|41251062747840000170570020000002191091253384|25102025|25102025|0||2760,00||1|2760,00|0,00|0,00|||111010001|4115408|4104808|
|D190|040|5353|0,00|2760,00|0,00|0,00|0||
|D100|1|0|409387620001580|57|00|2||224|41251062747840000170570020000002241091977080|27102025|27102025|0||2760,00||1|2760,00|0,00|0,00|||111010001|4115408|4104808|
|D190|040|5353|0,00|2760,00|0,00|0,00|0||
|D100|1|0|409387620001580|57|00|2||228|41251062747840000170570020000002281189754658|27102025|27102025|0||2096,00||1|2096,00|0,00|0,00|||111010001|4115408|4104808|
|D190|040|5353|0,00|2096,00|0,00|0,00|0||
|D100|1|0|409387620001580|57|00|2||229|41251062747840000170570020000002291376874570|27102025|27102025|0||660,00||1|660,00|0,00|0,00|||111010001|4115408|4104808|
|D190|040|5353|0,00|660,00|0,00|0,00|0||
|D100|1|0|409387620001580|57|00|2||230|41251062747840000170570020000002301932793312|27102025|27102025|0||660,00||1|660,00|0,00|0,00|||111010001|4115408|4104808|
|D190|040|5353|0,00|660,00|0,00|0,00|0||
|D100|1|0|409387620001580|57|00|2||231|41251062747840000170570020000002311692227633|27102025|27102025|0||1350,00||1|1350,00|0,00|0,00|||111010001|4115408|4104808|
|D190|040|5353|0,00|1350,00|0,00|0,00|0||
|D100|1|0|409387620001580|57|00|2||232|41251062747840000170570020000002321598641690|28102025|28102025|0||333,33||1|333,33|0,00|0,00|||111010001|4115408|4104808|
|D190|040|5353|0,00|333,33|0,00|0,00|0||
|D100|1|0|409387620001580|57|00|2||233|41251062747840000170570020000002331902410417|28102025|28102025|0||333,33||1|333,33|0,00|0,00|||111010001|4115408|4104808|
|D190|040|5353|0,00|333,33|0,00|0,00|0||
|D100|1|0|409387620001580|57|00|2||234|41251062747840000170570020000002341936999658|28102025|28102025|0||333,33||1|333,33|0,00|0,00|||111010001|4115408|4104808|
|D190|040|5353|0,00|333,33|0,00|0,00|0||
|D100|1|0|409387620001580|57|00|2||235|41251062747840000170570020000002351389721847|28102025|28102025|0||333,33||1|333,33|0,00|0,00|||111010001|4115408|4104808|
|D190|040|5353|0,00|333,33|0,00|0,00|0||
|D100|1|0|409387620001580|57|00|2||236|41251062747840000170570020000002361085941895|28102025|28102025|0||333,33||1|333,33|0,00|0,00|||111010001|4115408|4104808|
|D190|040|5353|0,00|333,33|0,00|0,00|0||
|D100|1|0|409387620001580|57|00|2||237|41251062747840000170570020000002371006605002|28102025|28102025|0||333,33||1|333,33|0,00|0,00|||111010001|4115408|4104808|
|D190|040|5353|0,00|333,33|0,00|0,00|0||
|D100|1|0|409387620001580|57|00|2||242|41251062747840000170570020000002421736074970|28102025|28102025|0||1330,00||1|1330,00|0,00|0,00|||111010001|4115408|4104808|
|D190|040|5353|0,00|1330,00|0,00|0,00|0||
|D100|1|0|409387620001580|57|00|2||255|41251062747840000170570020000002551673394106|30102025|30102025|0||1120,00||1|1120,00|0,00|0,00|||111010001|4115408|4104808|
|D190|040|5353|0,00|1120,00|0,00|0,00|0||
|D100|1|0|409387620001580|57|00|2||256|41251062747840000170570020000002561182496429|30102025|30102025|0||1120,00||1|1120,00|0,00|0,00|||111010001|4115408|4104808|
|D190|040|5353|0,00|1120,00|0,00|0,00|0||
|D100|1|0|409387620001580|57|00|2||257|41251062747840000170570020000002571086845180|30102025|30102025|0||823,00||1|823,00|0,00|0,00|||111010001|4115408|4104808|
|D190|040|5353|0,00|823,00|0,00|0,00|0||
|D100|1|0|409387620001580|57|00|2||258|41251062747840000170570020000002581620414082|30102025|30102025|0||1250,00||1|1250,00|0,00|0,00|||111010001|4115408|4104808|
|D190|040|5353|0,00|1250,00|0,00|0,00|0||
|D100|1|0|409387620001580|57|00|2||259|41251062747840000170570020000002591807408660|30102025|30102025|0||1250,00||1|1250,00|0,00|0,00|||111010001|4115408|4104808|
|D190|040|5353|0,00|1250,00|0,00|0,00|0||
|D100|1|0|409387620001580|57|00|2||260|41251062747840000170570020000002601454336810|30102025|30102025|0||4087,00||1|4087,00|0,00|0,00|||111010001|4115408|4104808|
|D190|040|5353|0,00|4087,00|0,00|0,00|0||
|D100|1|0|409387620001580|57|00|2||261|41251062747840000170570020000002611843083880|30102025|30102025|0||520,00||1|520,00|0,00|0,00|||111010001|4115408|4104808|
|D190|040|5353|0,00|520,00|0,00|0,00|0||
|D100|1|0|409387620001580|57|00|2||262|41251062747840000170570020000002621580606566|30102025|30102025|0||520,00||1|520,00|0,00|0,00|||111010001|4115408|4104808|
|D190|040|5353|0,00|520,00|0,00|0,00|0||
|D100|1|0|409387620002390|57|00|2||135|41251062747840000170570020000001351761294040|20102025|20102025|0||3600,00||1|3600,00|0,00|0,00|||111010001|4115408|4101408|
|D190|040|5353|0,00|3600,00|0,00|0,00|0||
|D100|1|0|409387620002390|57|00|2||215|41251062747840000170570020000002151254976410|24102025|24102025|0||3582,00||1|3582,00|0,00|0,00|||111010001|4115408|4101408|
|D190|040|5353|0,00|3582,00|0,00|0,00|0||
|D100|1|0|409387620003100|57|00|2||4|41251062747840000170570020000000041243061560|06102025|06102025|0||4171,80||1|4171,80|0,00|0,00|||111010001|4115408|4101408|
|D190|040|5353|0,00|4171,80|0,00|0,00|0||
|D100|1|0|409387620003100|57|00|2||9|41251062747840000170570020000000091792021202|06102025|06102025|0||5454,60||1|5454,60|0,00|0,00|||111010001|4115408|4101408|
|D190|040|5353|0,00|5454,60|0,00|0,00|0||
|D100|1|0|409387620003100|57|00|2||29|41251062747840000170570020000000291880967305|07102025|07102025|0||3570,00||1|3570,00|0,00|0,00|||111010001|4115408|4101408|
|D190|040|5353|0,00|3570,00|0,00|0,00|0||
|D100|1|0|409387620003100|57|00|2||56|41251062747840000170570020000000561056698823|10102025|10102025|0||2825,10||1|2825,10|0,00|0,00|||111010001|4115408|4101408|
|D190|040|5353|0,00|2825,10|0,00|0,00|0||
|D100|1|0|409387620003100|57|00|2||59|41251062747840000170570020000000591245956740|11102025|11102025|0||3322,40||1|3322,40|0,00|0,00|||111010001|4115408|4101408|
|D190|040|5353|0,00|3322,40|0,00|0,00|0||
|D100|1|0|409387620003100|57|00|2||275|41251062747840000170570020000002751054147737|31102025|31102025|0||3220,00||1|3220,00|0,00|0,00|||111010001|4115408|4101408|
|D190|040|5353|0,00|3220,00|0,00|0,00|0||
|D100|0|1|532671470001090|57|00|1||3515|41250953267147000109570010000035151256609767|22092025|06102025|0||1974,38||1|1974,38|1974,38|236,93|||111010001|4104808|4115408|
|D190|000|2353|12,00|1974,38|1974,38|236,93|0||
|D100|0|1|532671470001090|57|00|1||3516|41250953267147000109570010000035161804728240|22092025|06102025|0||5160,31||1|5160,31|0,00|0,00|||111010001|4104808|4115408|
|D190|090|1353|0,00|5160,31|0,00|0,00|0||
|D100|0|1|532671470001090|57|00|1||3519|41250953267147000109570010000035191758147157|23092025|06102025|0||2035,34||1|2035,34|2035,34|244,24|||111010001|4104808|4115408|
|D190|000|2353|12,00|2035,34|2035,34|244,24|0||
|D100|0|1|532671470001090|57|00|1||3520|41250953267147000109570010000035201289546810|23092025|06102025|0||3545,27||1|3545,27|3545,27|425,43|||111010001|4104808|4115408|
|D190|000|2353|12,00|3545,27|3545,27|425,43|0||
|D100|0|1|532671470001090|57|00|1||3521|41250953267147000109570010000035211707374464|23092025|06102025|0||6106,58||1|6106,58|6106,58|732,79|||111010001|4104808|4115408|
|D190|000|2353|12,00|6106,58|6106,58|732,79|0||
|D100|0|1|532671470001090|57|00|1||3522|41250953267147000109570010000035221616708596|23092025|06102025|0||6285,16||1|6285,16|6285,16|754,22|||111010001|4104808|4115408|
|D190|000|2353|12,00|6285,16|6285,16|754,22|0||
|D100|0|1|532671470001090|57|00|1||3524|41250953267147000109570010000035241929419695|23092025|06102025|0||1825,95||1|1825,95|1825,95|219,11|||111010001|4104808|4115408|
|D190|000|2353|12,00|1825,95|1825,95|219,11|0||
|D100|0|1|532671470001090|57|00|1||3526|41250953267147000109570010000035261984029881|23092025|06102025|0||5076,85||1|5076,85|5076,85|609,22|||111010001|4104808|4115408|
|D190|000|2353|12,00|5076,85|5076,85|609,22|0||
|D100|0|1|532671470001090|57|00|1||3533|41250953267147000109570010000035331892696240|24092025|06102025|0||2406,08||1|2406,08|2406,08|288,73|||111010001|4104808|4115408|
|D190|000|2353|12,00|2406,08|2406,08|288,73|0||
|D100|0|1|532671470001090|57|00|1||3535|41250953267147000109570010000035351799394802|24092025|06102025|0||5410,20||1|5410,20|5410,20|649,22|||111010001|4104808|4115408|
|D190|000|2353|12,00|5410,20|5410,20|649,22|0||
|D100|0|1|532671470001090|57|00|1||3536|41250953267147000109570010000035361647101630|24092025|06102025|0||9599,26||1|9599,26|9599,26|1151,91|||111010001|4104808|4115408|
|D190|000|2353|12,00|9599,26|9599,26|1151,91|0||
|D100|0|1|532671470001090|57|00|1||3537|41250953267147000109570010000035371990049078|24092025|06102025|0||11665,59||1|11665,59|11665,59|1399,87|||111010001|4104808|4115408|
|D190|000|2353|12,00|11665,59|11665,59|1399,87|0||
|D100|0|1|532671470001090|57|00|1||3542|41250953267147000109570010000035421394721233|25092025|06102025|0||5141,59||1|5141,59|5141,59|616,99|||111010001|4104808|4115408|
|D190|000|2353|12,00|5141,59|5141,59|616,99|0||
|D100|0|1|532671470001090|57|00|1||3546|41250953267147000109570010000035461198876156|25092025|06102025|0||5878,33||1|5878,33|5878,33|705,40|||111010001|4104808|4115408|
|D190|000|2353|12,00|5878,33|5878,33|705,40|0||
|D100|0|1|532671470001090|57|00|1||3547|41250953267147000109570010000035471531449510|25092025|06102025|0||3715,56||1|3715,56|3715,56|445,87|||111010001|4104808|4115408|
|D190|000|2353|12,00|3715,56|3715,56|445,87|0||
|D100|0|1|532671470001090|57|00|1||3548|41250953267147000109570010000035481197767420|25092025|06102025|0||3400,97||1|3400,97|3400,97|408,12|||111010001|4104808|4115408|
|D190|000|2353|12,00|3400,97|3400,97|408,12|0||
|D100|0|1|532671470001090|57|00|1||3550|41250953267147000109570010000035501258524580|26092025|06102025|0||3277,64||1|3277,64|3277,64|393,32|||111010001|4104808|4115408|
|D190|000|2353|12,00|3277,64|3277,64|393,32|0||
|D100|0|1|532671470001090|57|00|1||3551|41250953267147000109570010000035511309865696|26092025|06102025|0||2960,65||1|2960,65|2960,65|355,28|||111010001|4104808|4115408|
|D190|000|2353|12,00|2960,65|2960,65|355,28|0||
|D100|0|1|532671470001090|57|00|1||3552|41250953267147000109570010000035521950679840|26092025|06102025|0||3278,57||1|3278,57|3278,57|393,43|||111010001|4104808|4115408|
|D190|000|2353|12,00|3278,57|3278,57|393,43|0||
|D100|0|1|532671470001090|57|00|1||3553|41250953267147000109570010000035531309491634|26092025|06102025|0||3206,47||1|3206,47|3206,47|384,78|||111010001|4104808|4115408|
|D190|000|2353|12,00|3206,47|3206,47|384,78|0||
|D100|0|1|532671470001090|57|00|1||3554|41250953267147000109570010000035541125030429|26092025|06102025|0||9314,05||1|9314,05|9314,05|1117,69|||111010001|4104808|4115408|
|D190|000|2353|12,00|9314,05|9314,05|1117,69|0||
|D100|0|1|532671470001090|57|00|1||3556|41250953267147000109570010000035561031142767|26092025|06102025|0||7552,28||1|7552,28|0,00|0,00|||111010001|4104808|4115408|
|D190|090|1353|0,00|7552,28|0,00|0,00|0||
|D100|0|1|532671470001090|57|00|1||3557|41250953267147000109570010000035571002303542|28092025|06102025|0||6820,08||1|6820,08|6820,08|818,41|||111010001|4104808|4115408|
|D190|000|2353|12,00|6820,08|6820,08|818,41|0||
|D100|0|1|532671470001090|57|00|1||3558|41250953267147000109570010000035581895851083|28092025|06102025|0||6820,08||1|6820,08|6820,08|818,41|||111010001|4104808|4115408|
|D190|000|2353|12,00|6820,08|6820,08|818,41|0||
|D100|0|1|532671470001090|57|00|1||3560|41250953267147000109570010000035601821399487|29092025|06102025|0||6685,62||1|6685,62|0,00|0,00|||111010001|4104808|4115408|
|D190|090|1353|0,00|6685,62|0,00|0,00|0||
|D100|0|1|532671470001090|57|00|1||3566|41250953267147000109570010000035661747599620|29092025|06102025|0||6300,00||1|6300,00|6300,00|756,00|||111010001|4104808|4115408|
|D190|000|2353|12,00|6300,00|6300,00|756,00|0||
|D100|0|1|532671470001090|57|00|1||3567|41250953267147000109570010000035671016117734|29092025|06102025|0||5650,00||1|5650,00|5650,00|678,00|||111010001|4104808|4115408|
|D190|000|2353|12,00|5650,00|5650,00|678,00|0||
|D100|0|1|532671470001090|57|00|1||3568|41250953267147000109570010000035681166166398|29092025|06102025|0||4950,00||1|4950,00|4950,00|594,00|||111010001|4104808|4115408|
|D190|000|2353|12,00|4950,00|4950,00|594,00|0||
|D100|0|1|532671470001090|57|00|1||3575|41250953267147000109570010000035751204775540|30092025|06102025|0||5145,69||1|5145,69|0,00|0,00|||111010001|4104808|4115408|
|D190|090|1353|0,00|5145,69|0,00|0,00|0||
|D100|0|1|532671470001090|57|00|1||3576|41250953267147000109570010000035761446697387|30092025|06102025|0||5137,44||1|5137,44|0,00|0,00|||111010001|4104808|4115408|
|D190|090|1353|0,00|5137,44|0,00|0,00|0||
|D100|0|1|532671470001090|57|00|1||3578|41250953267147000109570010000035781467065872|30092025|06102025|0||6269,84||1|6269,84|0,00|0,00|||111010001|4104808|4115408|
|D190|090|1353|0,00|6269,84|0,00|0,00|0||
|D100|0|1|532671470001090|57|00|1||3579|41250953267147000109570010000035791330114611|30092025|06102025|0||9796,51||1|9796,51|9796,51|1175,58|||111010001|4104808|4115408|
|D190|000|2353|12,00|9796,51|9796,51|1175,58|0||
|D100|0|1|532671470001090|57|00|1||3580|41250953267147000109570010000035801443289744|30092025|06102025|0||10682,55||1|10682,55|10682,55|1281,91|||111010001|4104808|4115408|
|D190|000|2353|12,00|10682,55|10682,55|1281,91|0||
|D100|0|1|532671470001090|57|00|1||3581|41250953267147000109570010000035811948486315|30092025|06102025|0||9786,91||1|9786,91|9786,91|1174,43|||111010001|4104808|4115408|
|D190|000|2353|12,00|9786,91|9786,91|1174,43|0||
|D100|0|1|532671470001090|57|00|1||3589|41251053267147000109570010000035891860758520|02102025|06102025|0||8149,73||1|8149,73|0,00|0,00|||111010001|4104808|4115408|
|D190|090|1353|0,00|8149,73|0,00|0,00|0||
|D100|0|1|532671470001090|57|00|1||3590|41251053267147000109570010000035901597570580|02102025|06102025|0||6198,83||1|6198,83|0,00|0,00|||111010001|4104808|4115408|
|D190|090|1353|0,00|6198,83|0,00|0,00|0||
|D100|0|1|532671470001090|57|00|1||3591|41251053267147000109570010000035911178989015|02102025|06102025|0||6206,93||1|6206,93|0,00|0,00|||111010001|4104808|4115408|
|D190|090|1353|0,00|6206,93|0,00|0,00|0||
|D100|0|1|532671470001090|57|00|1||3594|41251053267147000109570010000035941900040935|02102025|06102025|0||7652,85||1|7652,85|0,00|0,00|||111010001|4104808|4115408|
|D190|090|1353|0,00|7652,85|0,00|0,00|0||
|D100|0|1|532671470001090|57|00|1||3595|41251053267147000109570010000035951429038368|02102025|06102025|0||6715,34||1|6715,34|0,00|0,00|||111010001|4104808|4115408|
|D190|090|1353|0,00|6715,34|0,00|0,00|0||
|D100|0|1|532671470001090|57|00|1||3596|41251053267147000109570010000035961341516113|02102025|06102025|0||5288,06||1|5288,06|0,00|0,00|||111010001|4104808|4115408|
|D190|090|1353|0,00|5288,06|0,00|0,00|0||
|D100|0|1|532671470001090|57|00|1||3597|41251053267147000109570010000035971670449430|02102025|06102025|0||5271,98||1|5271,98|0,00|0,00|||111010001|4104808|4115408|
|D190|090|1353|0,00|5271,98|0,00|0,00|0||
|D100|0|1|532671470001090|57|00|1||3598|41251053267147000109570010000035981456733723|03102025|06102025|0||5699,04||1|5699,04|0,00|0,00|||111010001|4104808|4115408|
|D190|090|1353|0,00|5699,04|0,00|0,00|0||
|D100|0|1|532671470001090|57|00|1||3601|41251053267147000109570010000036011653476640|03102025|06102025|0||5672,68||1|5672,68|5672,68|680,72|||111010001|4104808|4115408|
|D190|000|2353|12,00|5672,68|5672,68|680,72|0||
|D100|0|1|532671470001090|57|00|1||3602|41251053267147000109570010000036021725386142|03102025|06102025|0||5672,68||1|5672,68|5672,68|680,72|||111010001|4104808|4115408|
|D190|000|2353|12,00|5672,68|5672,68|680,72|0||
|D100|0|1|532671470001090|57|00|1||3603|41251053267147000109570010000036031077609295|03102025|06102025|0||5413,28||1|5413,28|5413,28|649,59|||111010001|4104808|4115408|
|D190|000|2353|12,00|5413,28|5413,28|649,59|0||
|D100|0|1|532671470001090|57|00|1||3605|41251053267147000109570010000036051899396773|03102025|06102025|0||2719,86||1|2719,86|0,00|0,00|||111010001|4104808|4115408|
|D190|090|1353|0,00|2719,86|0,00|0,00|0||
|D100|0|1|532671470001090|57|00|1||3606|41251053267147000109570010000036061229020479|03102025|06102025|0||3472,03||1|3472,03|3472,03|416,64|||111010001|4104808|4115408|
|D190|000|2353|12,00|3472,03|3472,03|416,64|0||
|D100|0|1|532671470001090|57|00|1||3607|41251053267147000109570010000036071558527902|03102025|06102025|0||3768,78||1|3768,78|0,00|0,00|||111010001|4104808|4115408|
|D190|090|1353|0,00|3768,78|0,00|0,00|0||
|D100|0|1|532671470001090|57|00|1||3608|41251053267147000109570010000036081223815873|03102025|06102025|0||9271,42||1|9271,42|0,00|0,00|||111010001|4104808|4115408|
|D190|090|1353|0,00|9271,42|0,00|0,00|0||
|D100|1|1|584454590001890|57|00|2||104|41251062747840000170570020000001041899059451|16102025|16102025|0||8863,64||1|8863,64|0,00|0,00|||111010001|4115408|4115200|
|D190|090|6932|0,00|8863,64|0,00|0,00|0||
|D100|1|0|627478400001700|57|00|2||2|41251062747840000170570020000000021340523144|06102025|06102025|0||3365,91||1|3365,91|3365,91|403,91|||111010001|4115408|4115408|
|D190|000|6353|12,00|3365,91|3365,91|403,91|0||
|D100|1|0|627478400001700|57|00|2||3|41251062747840000170570020000000031355032726|06102025|06102025|0||3087,95||1|3087,95|3087,95|370,55|||111010001|4115408|4115408|
|D190|000|6353|12,00|3087,95|3087,95|370,55|0||
|D100|1|0|627478400001700|57|00|2||5|41251062747840000170570020000000051760634420|06102025|06102025|0||3375,00||1|3375,00|3375,00|405,00|||111010001|4115408|4115408|
|D190|000|6353|12,00|3375,00|3375,00|405,00|0||
|D100|1|0|627478400001700|57|00|2||6|41251062747840000170570020000000061720451659|06102025|06102025|0||3409,55||1|3409,55|3409,55|409,15|||111010001|4115408|4115408|
|D190|000|6353|12,00|3409,55|3409,55|409,15|0||
|D100|1|0|627478400001700|57|00|2||7|41251062747840000170570020000000071803420600|06102025|06102025|0||3407,73||1|3407,73|3407,73|408,93|||111010001|4115408|4115408|
|D190|000|6353|12,00|3407,73|3407,73|408,93|0||
|D100|1|0|627478400001700|57|00|2||8|41251062747840000170570020000000081903793006|06102025|06102025|0||5078,64||1|5078,64|5078,64|609,44|||111010001|4115408|4115408|
|D190|000|6353|12,00|5078,64|5078,64|609,44|0||
|D100|1|0|627478400001700|57|00|2||10|41251062747840000170570020000000101579520044|06102025|06102025|0||3485,00||1|3485,00|3485,00|418,20|||111010001|4115408|4115408|
|D190|000|6353|12,00|3485,00|3485,00|418,20|0||
|D100|1|0|627478400001700|57|00|2||11|41251062747840000170570020000000111598167181|06102025|06102025|0||3375,91||1|3375,91|3375,91|405,11|||111010001|4115408|4115408|
|D190|000|6353|12,00|3375,91|3375,91|405,11|0||
|D100|1|0|627478400001700|57|00|2||21|41251062747840000170570020000000211146118774|07102025|07102025|0||6101,36||1|6101,36|6101,36|732,16|||111010001|4115408|4115408|
|D190|000|6353|12,00|6101,36|6101,36|732,16|0||
|D100|1|0|627478400001700|57|00|2||22|41251062747840000170570020000000221886430710|07102025|07102025|0||3671,59||1|3671,59|3671,59|440,59|||111010001|4115408|4115408|
|D190|000|6353|12,00|3671,59|3671,59|440,59|0||
|D100|1|0|627478400001700|57|00|2||23|41251062747840000170570020000000231092736224|07102025|07102025|0||3995,23||1|3995,23|3995,23|479,43|||111010001|4115408|4115408|
|D190|000|6353|12,00|3995,23|3995,23|479,43|0||
|D100|1|0|627478400001700|57|00|2||24|41251062747840000170570020000000241467090477|07102025|07102025|0||3999,32||1|3999,32|3999,32|479,92|||111010001|4115408|4115408|
|D190|000|6353|12,00|3999,32|3999,32|479,92|0||
|D100|1|0|627478400001700|57|00|2||26|41251062747840000170570020000000261520060128|07102025|07102025|0||3313,18||1|3313,18|3313,18|397,58|||111010001|4115408|4115408|
|D190|000|6353|12,00|3313,18|3313,18|397,58|0||
|D100|1|0|627478400001700|57|00|2||27|41251062747840000170570020000000271955832431|07102025|07102025|0||3662,27||1|3662,27|3662,27|439,47|||111010001|4115408|4115408|
|D190|000|6353|12,00|3662,27|3662,27|439,47|0||
|D100|1|0|627478400001700|57|00|2||28|41251062747840000170570020000000281101435615|07102025|07102025|0||3817,27||1|3817,27|3817,27|458,07|||111010001|4115408|4115408|
|D190|000|6353|12,00|3817,27|3817,27|458,07|0||
|D100|1|0|627478400001700|57|00|2||30|41251062747840000170570020000000301121783692|08102025|08102025|0||3540,23||1|3540,23|3540,23|424,83|||111010001|4115408|4115408|
|D190|000|6353|12,00|3540,23|3540,23|424,83|0||
|D100|1|0|627478400001700|57|00|2||31|41251062747840000170570020000000311379862448|08102025|08102025|0||3317,05||1|3317,05|3317,05|398,05|||111010001|4115408|4115408|
|D190|000|6353|12,00|3317,05|3317,05|398,05|0||
|D100|1|0|627478400001700|57|00|2||33|41251062747840000170570020000000331966594232|08102025|08102025|0||3313,86||1|3313,86|3313,86|397,66|||111010001|4115408|4115408|
|D190|000|6353|12,00|3313,86|3313,86|397,66|0||
|D100|1|1|627478400001700|57|00|2||36|41251062747840000170570020000000361084210128|08102025|08102025|0||2000,00||1|2000,00|0,00|0,00|||111010001|4115408|4115408|
|D190|040|5353|0,00|2000,00|0,00|0,00|0||
|D100|1|0|627478400001700|57|00|2||38|41251062747840000170570020000000381236844404|08102025|08102025|0||6102,39||1|6102,39|6102,39|732,29|||111010001|4115408|4115408|
|D190|000|6353|12,00|6102,39|6102,39|732,29|0||
|D100|1|0|627478400001700|57|00|2||39|41251062747840000170570020000000391103599724|08102025|08102025|0||3315,91||1|3315,91|3315,91|397,91|||111010001|4115408|4115408|
|D190|000|6353|12,00|3315,91|3315,91|397,91|0||
|D100|1|0|627478400001700|57|00|2||40|41251062747840000170570020000000401370935760|09102025|09102025|0||6113,86||1|6113,86|6113,86|733,66|||111010001|4115408|4115408|
|D190|000|6353|12,00|6113,86|6113,86|733,66|0||
|D100|1|0|627478400001700|57|00|2||41|41251062747840000170570020000000411027248758|09102025|09102025|0||4527,73||1|4527,73|4527,73|543,33|||111010001|4115408|4115408|
|D190|000|6353|12,00|4527,73|4527,73|543,33|0||
|D100|1|0|627478400001700|57|00|2||42|41251062747840000170570020000000421153710500|09102025|09102025|0||6116,14||1|6116,14|6116,14|733,94|||111010001|4115408|4115408|
|D190|000|6353|12,00|6116,14|6116,14|733,94|0||
|D100|1|0|627478400001700|57|00|2||44|41251062747840000170570020000000441208222825|09102025|09102025|0||8162,00||1|8162,00|8162,00|979,44|||111010001|4115408|4115408|
|D190|000|6353|12,00|8162,00|8162,00|979,44|0||
|D100|1|0|627478400001700|57|00|2||46|41251062747840000170570020000000461228749947|09102025|09102025|0||3312,27||1|3312,27|3312,27|397,47|||111010001|4115408|4115408|
|D190|000|6353|12,00|3312,27|3312,27|397,47|0||
|D100|1|0|627478400001700|57|00|2||47|41251062747840000170570020000000471148558611|10102025|10102025|0||3403,64||1|3403,64|3403,64|408,44|||111010001|4115408|4115408|
|D190|000|6353|12,00|3403,64|3403,64|408,44|0||
|D100|1|0|627478400001700|57|00|2||48|41251062747840000170570020000000481676549776|10102025|10102025|0||7520,30||1|7520,30|0,00|0,00|||111010001|4115408|4115408|
|D190|040|5353|0,00|7520,30|0,00|0,00|0||
|D100|1|0|627478400001700|57|00|2||50|41251062747840000170570020000000501431292770|10102025|10102025|0||4861,40||1|4861,40|0,00|0,00|||111010001|4115408|4115408|
|D190|040|5353|0,00|4861,40|0,00|0,00|0||
|D100|1|0|627478400001700|57|00|2||51|41251062747840000170570020000000511692763693|10102025|10102025|0||3950,20||1|3950,20|0,00|0,00|||111010001|4115408|4115408|
|D190|040|5353|0,00|3950,20|0,00|0,00|0||
|D100|1|0|627478400001700|57|00|2||52|41251062747840000170570020000000521179919802|10102025|10102025|0||4416,20||1|4416,20|0,00|0,00|||111010001|4115408|4115408|
|D190|040|5353|0,00|4416,20|0,00|0,00|0||
|D100|1|0|627478400001700|57|00|2||54|41251062747840000170570020000000541900538210|10102025|10102025|0||3672,00||1|3672,00|0,00|0,00|||111010001|4115408|4115408|
|D190|040|5353|0,00|3672,00|0,00|0,00|0||
|D100|1|0|627478400001700|57|00|2||57|41251062747840000170570020000000571715000341|11102025|11102025|0||1989,00||1|1989,00|0,00|0,00|||111010001|4115408|4115408|
|D190|040|5353|0,00|1989,00|0,00|0,00|0||
|D100|1|0|627478400001700|57|00|2||58|41251062747840000170570020000000581126163804|11102025|11102025|0||11970,23||1|11970,23|11970,23|1436,43|||111010001|4115408|4115408|
|D190|000|6353|12,00|11970,23|11970,23|1436,43|0||
|D100|1|0|627478400001700|57|00|2||60|41251062747840000170570020000000601586581861|11102025|11102025|0||5692,00||1|5692,00|0,00|0,00|||111010001|4115408|4115408|
|D190|040|5353|0,00|5692,00|0,00|0,00|0||
|D100|1|0|627478400001700|57|00|2||62|41251062747840000170570020000000621109689677|13102025|13102025|0||3448,41||1|3448,41|3448,41|413,81|||111010001|4115408|4115408|
|D190|000|6353|12,00|3448,41|3448,41|413,81|0||
|D100|1|0|627478400001700|57|00|2||63|41251062747840000170570020000000631630419760|13102025|13102025|0||3992,73||1|3992,73|3992,73|479,13|||111010001|4115408|4115408|
|D190|000|6353|12,00|3992,73|3992,73|479,13|0||
|D100|1|0|627478400001700|57|00|2||64|41251062747840000170570020000000641023186965|13102025|13102025|0||3870,68||1|3870,68|3870,68|464,48|||111010001|4115408|4115408|
|D190|000|6353|12,00|3870,68|3870,68|464,48|0||
|D100|1|0|627478400001700|57|00|2||65|41251062747840000170570020000000651176019671|13102025|13102025|0||3822,84||1|3822,84|3822,84|458,74|||111010001|4115408|4115408|
|D190|000|6353|12,00|3822,84|3822,84|458,74|0||
|D100|1|0|627478400001700|57|00|2||66|41251062747840000170570020000000661855492971|13102025|13102025|0||3313,18||1|3313,18|3313,18|397,58|||111010001|4115408|4115408|
|D190|000|6353|12,00|3313,18|3313,18|397,58|0||
|D100|1|0|627478400001700|57|00|2||69|41251062747840000170570020000000691304580175|13102025|13102025|0||3987,50||1|3987,50|3987,50|478,50|||111010001|4115408|4115408|
|D190|000|6353|12,00|3987,50|3987,50|478,50|0||
|D100|1|0|627478400001700|57|00|2||70|41251062747840000170570020000000701512831135|13102025|13102025|0||4430,91||1|4430,91|4430,91|531,71|||111010001|4115408|4115408|
|D190|000|6353|12,00|4430,91|4430,91|531,71|0||
|D100|1|0|627478400001700|57|00|2||71|41251062747840000170570020000000711078450197|14102025|14102025|0||3588,64||1|3588,64|3588,64|430,64|||111010001|4115408|4115408|
|D190|000|6353|12,00|3588,64|3588,64|430,64|0||
|D100|1|0|627478400001700|57|00|2||72|41251062747840000170570020000000721509722651|14102025|14102025|0||3827,05||1|3827,05|3827,05|459,25|||111010001|4115408|4115408|
|D190|000|6353|12,00|3827,05|3827,05|459,25|0||
|D100|1|0|627478400001700|57|00|2||76|41251062747840000170570020000000761144323921|14102025|14102025|0||3816,82||1|3816,82|3816,82|458,02|||111010001|4115408|4115408|
|D190|000|6353|12,00|3816,82|3816,82|458,02|0||
|D100|1|0|627478400001700|57|00|2||77|41251062747840000170570020000000771712904650|14102025|14102025|0||3539,32||1|3539,32|3539,32|424,72|||111010001|4115408|4115408|
|D190|000|6353|12,00|3539,32|3539,32|424,72|0||
|D100|1|0|627478400001700|57|00|2||78|41251062747840000170570020000000781916634682|14102025|14102025|0||3768,07||1|3768,07|3768,07|452,17|||111010001|4115408|4115408|
|D190|000|6353|12,00|3768,07|3768,07|452,17|0||
|D100|1|0|627478400001700|57|00|2||79|41251062747840000170570020000000791278167608|14102025|14102025|0||4510,80||1|4510,80|4510,80|541,30|||111010001|4115408|4115408|
|D190|000|6353|12,00|4510,80|4510,80|541,30|0||
|D100|1|0|627478400001700|57|00|2||80|41251062747840000170570020000000801998054551|14102025|14102025|0||4537,39||1|4537,39|4537,39|544,49|||111010001|4115408|4115408|
|D190|000|6353|12,00|4537,39|4537,39|544,49|0||
|D100|1|0|627478400001700|57|00|2||81|41251062747840000170570020000000811719732946|14102025|14102025|0||5971,02||1|5971,02|5971,02|716,52|||111010001|4115408|4115408|
|D190|000|6353|12,00|5971,02|5971,02|716,52|0||
|D100|1|0|627478400001700|57|00|2||87|41251062747840000170570020000000871395283312|15102025|15102025|0||5076,82||1|5076,82|5076,82|609,22|||111010001|4115408|4115408|
|D190|000|6353|12,00|5076,82|5076,82|609,22|0||
|D100|1|0|627478400001700|57|00|2||88|41251062747840000170570020000000881436838426|15102025|15102025|0||4161,36||1|4161,36|4161,36|499,36|||111010001|4115408|4115408|
|D190|000|6353|12,00|4161,36|4161,36|499,36|0||
|D100|1|0|627478400001700|57|00|2||94|41251062747840000170570020000000941641703089|15102025|15102025|0||4983,40||1|4983,40|0,00|0,00|||111010001|4115408|4115408|
|D190|040|5353|0,00|4983,40|0,00|0,00|0||
|D100|1|0|627478400001700|57|00|2||95|41251062747840000170570020000000951234790672|15102025|15102025|0||4171,82||1|4171,82|4171,82|500,62|||111010001|4115408|4115408|
|D190|000|6353|12,00|4171,82|4171,82|500,62|0||
|D100|1|0|627478400001700|57|00|2||96|41251062747840000170570020000000961853035378|15102025|15102025|0||4538,98||1|4538,98|4538,98|544,68|||111010001|4115408|4115408|
|D190|000|6353|12,00|4538,98|4538,98|544,68|0||
|D100|1|0|627478400001700|57|00|2||99|41251062747840000170570020000000991770650999|15102025|15102025|0||3763,41||1|3763,41|3763,41|451,61|||111010001|4115408|4115408|
|D190|000|6353|12,00|3763,41|3763,41|451,61|0||
|D100|1|0|627478400001700|57|00|2||100|41251062747840000170570020000001001570721135|15102025|15102025|0||3768,52||1|3768,52|3768,52|452,22|||111010001|4115408|4115408|
|D190|000|6353|12,00|3768,52|3768,52|452,22|0||
|D100|1|0|627478400001700|57|00|2||102|41251062747840000170570020000001021328009334|16102025|16102025|0||3669,20||1|3669,20|0,00|0,00|||111010001|4115408|4115408|
|D190|040|5353|0,00|3669,20|0,00|0,00|0||
|D100|1|0|627478400001700|57|00|2||103|41251062747840000170570020000001031986643480|16102025|16102025|0||3696,00||1|3696,00|0,00|0,00|||111010001|4115408|4115408|
|D190|040|5353|0,00|3696,00|0,00|0,00|0||
|D100|1|0|627478400001700|57|00|2||105|41251062747840000170570020000001051129133770|16102025|16102025|0||3625,00||1|3625,00|3625,00|435,00|||111010001|4115408|4115408|
|D190|000|6353|12,00|3625,00|3625,00|435,00|0||
|D100|1|0|627478400001700|57|00|2||106|41251062747840000170570020000001061381329215|16102025|16102025|0||3270,00||1|3270,00|0,00|0,00|||111010001|4115408|4115408|
|D190|040|5353|0,00|3270,00|0,00|0,00|0||
|D100|1|0|627478400001700|57|00|2||107|41251062747840000170570020000001071046778108|16102025|16102025|0||4640,80||1|4640,80|0,00|0,00|||111010001|4115408|4115408|
|D190|040|5353|0,00|4640,80|0,00|0,00|0||
|D100|1|0|627478400001700|57|00|2||109|41251062747840000170570020000001091950054500|16102025|16102025|0||5592,00||1|5592,00|0,00|0,00|||111010001|4115408|4115408|
|D190|040|5353|0,00|5592,00|0,00|0,00|0||
|D100|1|0|627478400001700|57|00|2||110|41251062747840000170570020000001101073181260|16102025|16102025|0||3460,23||1|3460,23|3460,23|415,23|||111010001|4115408|4115408|
|D190|000|6353|12,00|3460,23|3460,23|415,23|0||
|D100|1|0|627478400001700|57|00|2||114|41251062747840000170570020000001141079780947|17102025|17102025|0||5477,20||1|5477,20|0,00|0,00|||111010001|4115408|4115408|
|D190|040|5353|0,00|5477,20|0,00|0,00|0||
|D100|1|1|627478400001700|57|00|2||115|41251062747840000170570020000001151852431609|17102025|17102025|0||7375,35||1|7375,35|0,00|0,00|||111010001|4115408|4115408|
|D190|040|5353|0,00|7375,35|0,00|0,00|0||
|D100|1|0|627478400001700|57|00|2||124|41251062747840000170570020000001241189996797|17102025|17102025|0||6701,00||1|6701,00|0,00|0,00|||111010001|4115408|4115408|
|D190|040|5353|0,00|6701,00|0,00|0,00|0||
|D100|1|0|627478400001700|57|00|2||125|41251062747840000170570020000001251152078775|17102025|17102025|0||3689,00||1|3689,00|0,00|0,00|||111010001|4115408|4115408|
|D190|040|5353|0,00|3689,00|0,00|0,00|0||
|D100|1|0|627478400001700|57|00|2||130|41251062747840000170570020000001301006197676|18102025|18102025|0||3488,64||1|3488,64|3488,64|418,64|||111010001|4115408|4115408|
|D190|000|6353|12,00|3488,64|3488,64|418,64|0||
|D100|1|0|627478400001700|57|00|2||133|41251062747840000170570020000001331494322833|20102025|20102025|0||3481,14||1|3481,14|3481,14|417,74|||111010001|4115408|4115408|
|D190|000|6353|12,00|3481,14|3481,14|417,74|0||
|D100|1|0|627478400001700|57|00|2||156|41251062747840000170570020000001561271604485|21102025|21102025|0||3770,91||1|3770,91|3770,91|452,51|||111010001|4115408|4115408|
|D190|000|6353|12,00|3770,91|3770,91|452,51|0||
|D100|1|0|627478400001700|57|00|2||167|41251062747840000170570020000001671838335912|22102025|22102025|0||3946,14||1|3946,14|3946,14|473,54|||111010001|4115408|4115408|
|D190|000|6353|12,00|3946,14|3946,14|473,54|0||
|D100|1|0|627478400001700|57|00|2||172|41251062747840000170570020000001721776644178|22102025|22102025|0||4202,27||1|4202,27|4202,27|504,27|||111010001|4115408|4115408|
|D190|000|6353|12,00|4202,27|4202,27|504,27|0||
|D100|1|0|627478400001700|57|00|2||173|41251062747840000170570020000001731552039960|23102025|23102025|0||3989,77||1|3989,77|3989,77|478,77|||111010001|4115408|4115408|
|D190|000|6353|12,00|3989,77|3989,77|478,77|0||
|D100|1|0|627478400001700|57|00|2||176|41251062747840000170570020000001761678712216|23102025|23102025|0||4319,66||1|4319,66|4319,66|518,36|||111010001|4115408|4115408|
|D190|000|6353|12,00|4319,66|4319,66|518,36|0||
|D100|1|1|627478400001700|57|00|2||177|41251062747840000170570020000001771645078981|23102025|23102025|0||2994,77||1|2994,77|0,00|0,00|||111010001|4115408|4115408|
|D190|090|6932|0,00|2994,77|0,00|0,00|0||
|D100|1|1|627478400001700|57|00|2||178|41251062747840000170570020000001781338124231|23102025|23102025|0||2573,91||1|2573,91|0,00|0,00|||111010001|4115408|4115408|
|D190|090|6932|0,00|2573,91|0,00|0,00|0||
|D100|1|1|627478400001700|57|00|2||179|41251062747840000170570020000001791958320883|23102025|23102025|0||2624,83||1|2624,83|0,00|0,00|||111010001|4115408|4115408|
|D190|090|6932|0,00|2624,83|0,00|0,00|0||
|D100|1|1|627478400001700|57|00|2||180|41251062747840000170570020000001801317181900|23102025|23102025|0||2543,18||1|2543,18|0,00|0,00|||111010001|4115408|4115408|
|D190|090|6932|0,00|2543,18|0,00|0,00|0||
|D100|1|1|627478400001700|57|00|2||181|41251062747840000170570020000001811531904346|23102025|23102025|0||2575,00||1|2575,00|0,00|0,00|||111010001|4115408|4115408|
|D190|090|6932|0,00|2575,00|0,00|0,00|0||
|D100|1|1|627478400001700|57|00|2||182|41251062747840000170570020000001821079051260|23102025|23102025|0||2625,00||1|2625,00|0,00|0,00|||111010001|4115408|4115408|
|D190|090|6932|0,00|2625,00|0,00|0,00|0||
|D100|1|1|627478400001700|57|00|2||183|41251062747840000170570020000001831865043963|23102025|23102025|0||2575,00||1|2575,00|0,00|0,00|||111010001|4115408|4115408|
|D190|090|6932|0,00|2575,00|0,00|0,00|0||
|D100|1|1|627478400001700|57|00|2||184|41251062747840000170570020000001841998788096|23102025|23102025|0||2486,36||1|2486,36|0,00|0,00|||111010001|4115408|4115408|
|D190|090|6932|0,00|2486,36|0,00|0,00|0||
|D100|1|1|627478400001700|57|00|2||185|41251062747840000170570020000001851103542313|23102025|23102025|0||2467,05||1|2467,05|0,00|0,00|||111010001|4115408|4115408|
|D190|090|6932|0,00|2467,05|0,00|0,00|0||
|D100|1|1|627478400001700|57|00|2||186|41251062747840000170570020000001861726666300|23102025|23102025|0||2515,91||1|2515,91|0,00|0,00|||111010001|4115408|4115408|
|D190|090|6932|0,00|2515,91|0,00|0,00|0||
|D100|1|1|627478400001700|57|00|2||187|41251062747840000170570020000001871994626840|23102025|23102025|0||2431,82||1|2431,82|0,00|0,00|||111010001|4115408|4115408|
|D190|090|6932|0,00|2431,82|0,00|0,00|0||
|D100|1|1|627478400001700|57|00|2||188|41251062747840000170570020000001881468608138|23102025|23102025|0||2573,86||1|2573,86|0,00|0,00|||111010001|4115408|4115408|
|D190|090|6932|0,00|2573,86|0,00|0,00|0||
|D100|1|1|627478400001700|57|00|2||189|41251062747840000170570020000001891206329271|23102025|23102025|0||2628,41||1|2628,41|0,00|0,00|||111010001|4115408|4115408|
|D190|090|6932|0,00|2628,41|0,00|0,00|0||
|D100|1|1|627478400001700|57|00|2||190|41251062747840000170570020000001901925191666|23102025|23102025|0||2885,23||1|2885,23|0,00|0,00|||111010001|4115408|4115408|
|D190|090|6932|0,00|2885,23|0,00|0,00|0||
|D100|1|1|627478400001700|57|00|2||191|41251062747840000170570020000001911325632367|23102025|23102025|0||2537,50||1|2537,50|0,00|0,00|||111010001|4115408|4115408|
|D190|090|6932|0,00|2537,50|0,00|0,00|0||
|D100|1|1|627478400001700|57|00|2||192|41251062747840000170570020000001921781194021|23102025|23102025|0||2604,55||1|2604,55|0,00|0,00|||111010001|4115408|4115408|
|D190|090|6932|0,00|2604,55|0,00|0,00|0||
|D100|1|1|627478400001700|57|00|2||193|41251062747840000170570020000001931717065809|23102025|23102025|0||2945,45||1|2945,45|0,00|0,00|||111010001|4115408|4115408|
|D190|090|6932|0,00|2945,45|0,00|0,00|0||
|D100|1|0|627478400001700|57|00|2||195|41251062747840000170570020000001951639553442|23102025|23102025|0||4597,27||1|4597,27|4597,27|551,67|||111010001|4115408|4115408|
|D190|000|6353|12,00|4597,27|4597,27|551,67|0||
|D100|1|0|627478400001700|57|00|2||199|41251062747840000170570020000001991559033271|23102025|23102025|0||9420,45||1|9420,45|0,00|0,00|||111010001|4115408|4115408|
|D190|090|6932|0,00|9420,45|0,00|0,00|0||
|D100|1|0|627478400001700|57|00|2||200|41251062747840000170570020000002001404435700|23102025|23102025|0||3877,95||1|3877,95|3877,95|465,35|||111010001|4115408|4115408|
|D190|000|6353|12,00|3877,95|3877,95|465,35|0||
|D100|1|0|627478400001700|57|00|2||202|41251062747840000170570020000002021139626293|23102025|23102025|0||3878,41||1|3878,41|3878,41|465,41|||111010001|4115408|4115408|
|D190|000|6353|12,00|3878,41|3878,41|465,41|0||
|D100|1|1|627478400001700|57|00|2||203|41251062747840000170570020000002031274519812|24102025|24102025|0||2530,68||1|2530,68|0,00|0,00|||111010001|4115408|4115408|
|D190|090|6932|0,00|2530,68|0,00|0,00|0||
|D100|1|1|627478400001700|57|00|2||204|41251062747840000170570020000002041366451677|24102025|24102025|0||2585,23||1|2585,23|0,00|0,00|||111010001|4115408|4115408|
|D190|090|6932|0,00|2585,23|0,00|0,00|0||
|D100|1|1|627478400001700|57|00|2||205|41251062747840000170570020000002051446212331|24102025|24102025|0||2610,23||1|2610,23|0,00|0,00|||111010001|4115408|4115408|
|D190|090|6932|0,00|2610,23|0,00|0,00|0||
|D100|1|1|627478400001700|57|00|2||206|41251062747840000170570020000002061153748782|24102025|24102025|0||2475,00||1|2475,00|0,00|0,00|||111010001|4115408|4115408|
|D190|090|6932|0,00|2475,00|0,00|0,00|0||
|D100|1|1|627478400001700|57|00|2||207|41251062747840000170570020000002071792873400|24102025|24102025|0||2589,77||1|2589,77|0,00|0,00|||111010001|4115408|4115408|
|D190|090|6932|0,00|2589,77|0,00|0,00|0||
|D100|1|1|627478400001700|57|00|2||208|41251062747840000170570020000002081106400753|24102025|24102025|0||2623,86||1|2623,86|0,00|0,00|||111010001|4115408|4115408|
|D190|090|6932|0,00|2623,86|0,00|0,00|0||
|D100|1|1|627478400001700|57|00|2||209|41251062747840000170570020000002091961681248|24102025|24102025|0||2597,73||1|2597,73|0,00|0,00|||111010001|4115408|4115408|
|D190|090|6932|0,00|2597,73|0,00|0,00|0||
|D100|1|1|627478400001700|57|00|2||210|41251062747840000170570020000002101123606567|24102025|24102025|0||2378,41||1|2378,41|0,00|0,00|||111010001|4115408|4115408|
|D190|090|6932|0,00|2378,41|0,00|0,00|0||
|D100|1|1|627478400001700|57|00|2||211|41251062747840000170570020000002111479480715|24102025|24102025|0||2437,50||1|2437,50|0,00|0,00|||111010001|4115408|4115408|
|D190|090|6932|0,00|2437,50|0,00|0,00|0||
|D100|1|0|627478400001700|57|00|2||225|41251062747840000170570020000002251306437198|27102025|27102025|0||4294,09||1|4294,09|4294,09|515,29|||111010001|4115408|4115408|
|D190|000|6353|12,00|4294,09|4294,09|515,29|0||
|D100|1|0|627478400001700|57|00|2||226|41251062747840000170570020000002261640082154|27102025|27102025|0||3878,18||1|3878,18|3878,18|465,38|||111010001|4115408|4115408|
|D190|000|6353|12,00|3878,18|3878,18|465,38|0||
|D100|1|0|627478400001700|57|00|2||227|41251062747840000170570020000002271376984257|27102025|27102025|0||3829,55||1|3829,55|3829,55|459,55|||111010001|4115408|4115408|
|D190|000|6353|12,00|3829,55|3829,55|459,55|0||
|D100|1|0|627478400001700|57|00|2||240|41251062747840000170570020000002401026382705|28102025|28102025|0||5636,36||1|5636,36|5636,36|676,36|||111010001|4115408|4115408|
|D190|000|6353|12,00|5636,36|5636,36|676,36|0||
|D100|1|0|627478400001700|57|00|2||241|41251062747840000170570020000002411860392868|28102025|28102025|0||4295,68||1|4295,68|4295,68|515,48|||111010001|4115408|4115408|
|D190|000|6353|12,00|4295,68|4295,68|515,48|0||
|D100|1|0|627478400001700|57|00|2||244|41251062747840000170570020000002441679522200|29102025|29102025|0||4681,02||1|4681,02|4681,02|561,72|||111010001|4115408|4115408|
|D190|000|6353|12,00|4681,02|4681,02|561,72|0||
|D100|1|0|627478400001700|57|00|2||245|41251062747840000170570020000002451427118088|29102025|29102025|0||4791,36||1|4791,36|4791,36|574,96|||111010001|4115408|4115408|
|D190|000|6353|12,00|4791,36|4791,36|574,96|0||
|D100|1|0|627478400001700|57|00|2||247|41251062747840000170570020000002471314292230|29102025|29102025|0||3878,64||1|3878,64|3878,64|465,44|||111010001|4115408|4115408|
|D190|000|6353|12,00|3878,64|3878,64|465,44|0||
|D100|1|0|627478400001700|57|00|2||248|41251062747840000170570020000002481060985210|29102025|29102025|0||4299,89||1|4299,89|4299,89|515,99|||111010001|4115408|4115408|
|D190|000|6353|12,00|4299,89|4299,89|515,99|0||
|D100|1|0|627478400001700|57|00|2||249|41251062747840000170570020000002491878399927|29102025|29102025|0||2030,00||1|2030,00|0,00|0,00|||111010001|4115408|4115408|
|D190|040|5353|0,00|2030,00|0,00|0,00|0||
|D100|1|0|627478400001700|57|00|2||254|41251062747840000170570020000002541944022130|30102025|30102025|0||6666,82||1|6666,82|6666,82|800,02|||111010001|4115408|4115408|
|D190|000|6353|12,00|6666,82|6666,82|800,02|0||
|D100|1|0|627478400001700|57|00|2||263|41251062747840000170570020000002631877585122|30102025|30102025|0||2142,00||1|2142,00|0,00|0,00|||111010001|4115408|4115408|
|D190|040|5353|0,00|2142,00|0,00|0,00|0||
|D100|1|0|627478400001700|57|00|2||264|41251062747840000170570020000002641430595687|30102025|30102025|0||6622,84||1|6622,84|6622,84|794,74|||111010001|4115408|4115408|
|D190|000|6353|12,00|6622,84|6622,84|794,74|0||
|D100|1|0|627478400001700|57|00|2||265|41251062747840000170570020000002651725224580|30102025|30102025|0||6082,50||1|6082,50|6082,50|729,90|||111010001|4115408|4115408|
|D190|000|6353|12,00|6082,50|6082,50|729,90|0||
|D100|1|0|627478400001700|57|00|2||266|41251062747840000170570020000002661041146991|30102025|30102025|0||4454,43||1|4454,43|4454,43|534,53|||111010001|4115408|4115408|
|D190|000|6353|12,00|4454,43|4454,43|534,53|0||
|D100|1|0|627478400001700|57|00|2||267|41251062747840000170570020000002671107496917|30102025|30102025|0||4454,32||1|4454,32|4454,32|534,52|||111010001|4115408|4115408|
|D190|000|6353|12,00|4454,32|4454,32|534,52|0||
|D100|1|0|627478400001700|57|00|2||268|41251062747840000170570020000002681396673624|30102025|30102025|0||3882,27||1|3882,27|3882,27|465,87|||111010001|4115408|4115408|
|D190|000|6353|12,00|3882,27|3882,27|465,87|0||
|D100|1|0|627478400001700|57|00|2||269|41251062747840000170570020000002691116936929|31102025|31102025|0||4786,02||1|4786,02|4786,02|574,32|||111010001|4115408|4115408|
|D190|000|6353|12,00|4786,02|4786,02|574,32|0||
|D100|1|0|627478400001700|57|00|2||270|41251062747840000170570020000002701714643721|31102025|31102025|0||7240,45||1|7240,45|7240,45|868,85|||111010001|4115408|4115408|
|D190|000|6353|12,00|7240,45|7240,45|868,85|0||
|D100|1|0|627478400001700|57|00|2||271|41251062747840000170570020000002711538319170|31102025|31102025|0||2170,00||1|2170,00|0,00|0,00|||111010001|4115408|4115408|
|D190|040|5353|0,00|2170,00|0,00|0,00|0||
|D100|1|0|627478400001700|57|00|2||272|41251062747840000170570020000002721072913495|31102025|31102025|0||2770,00||1|2770,00|0,00|0,00|||111010001|4115408|4115408|
|D190|040|5353|0,00|2770,00|0,00|0,00|0||
|D100|1|0|627803830001150|57|00|2||55|41251062747840000170570020000000551578575297|10102025|10102025|0||8874,55||1|8874,55|8874,55|1064,95|||111010001|4115408|4101408|
|D190|000|6353|12,00|8874,55|8874,55|1064,95|0||
|D100|1|0|627803830001150|57|00|2||98|41251062747840000170570020000000981087913866|15102025|15102025|0||7799,40||1|7799,40|7799,40|935,93|||111010001|4115408|4101408|
|D190|000|6353|12,00|7799,40|7799,40|935,93|0||
|D100|1|0|627803830001150|57|00|2||108|41251062747840000170570020000001081334776230|16102025|16102025|0||6819,55||1|6819,55|6819,55|818,35|||111010001|4115408|4101408|
|D190|000|6353|12,00|6819,55|6819,55|818,35|0||
|D100|1|0|627803830001150|57|00|2||111|41251062747840000170570020000001111946133041|16102025|16102025|0||12907,05||1|12907,05|12907,05|1548,85|||111010001|4115408|4101408|
|D190|000|6353|12,00|12907,05|12907,05|1548,85|0||
|D100|1|0|627803830001150|57|00|2||112|41251062747840000170570020000001121947048355|16102025|16102025|0||7451,36||1|7451,36|7451,36|894,16|||111010001|4115408|4101408|
|D190|000|6353|12,00|7451,36|7451,36|894,16|0||
|D100|1|0|627803830001150|57|00|2||113|41251062747840000170570020000001131764980851|17102025|17102025|0||7894,12||1|7894,12|7894,12|947,29|||111010001|4115408|4101408|
|D190|000|6353|12,00|7894,12|7894,12|947,29|0||
|D100|1|0|627803830001150|57|00|2||119|41251062747840000170570020000001191249558405|17102025|17102025|0||4700,00||1|4700,00|0,00|0,00|||111010001|4115408|4101408|
|D190|040|5353|0,00|4700,00|0,00|0,00|0||
|D100|1|0|627803830001150|57|00|2||131|41251062747840000170570020000001311193653445|18102025|18102025|0||8712,39||1|8712,39|8712,39|1045,49|||111010001|4115408|4101408|
|D190|000|6353|12,00|8712,39|8712,39|1045,49|0||
|D100|1|0|627803830001150|57|00|2||132|41251062747840000170570020000001321351040047|18102025|18102025|0||7666,90||1|7666,90|7666,90|920,03|||111010001|4115408|4101408|
|D190|000|6353|12,00|7666,90|7666,90|920,03|0||
|D100|1|0|627803830001150|57|00|2||136|41251062747840000170570020000001361802257575|20102025|20102025|0||1464,60||1|1464,60|0,00|0,00|||111010001|4115408|4101408|
|D190|040|5353|0,00|1464,60|0,00|0,00|0||
|D100|1|0|627803830001150|57|00|2||137|41251062747840000170570020000001371892009760|20102025|20102025|0||7694,40||1|7694,40|7694,40|923,33|||111010001|4115408|4101408|
|D190|000|6353|12,00|7694,40|7694,40|923,33|0||
|D100|1|0|627803830001150|57|00|2||145|41251062747840000170570020000001451035118625|20102025|20102025|0||9106,36||1|9106,36|9106,36|1092,76|||111010001|4115408|4101408|
|D190|000|6353|12,00|9106,36|9106,36|1092,76|0||
|D100|1|0|627803830001150|57|00|2||146|41251062747840000170570020000001461029095152|20102025|20102025|0||8013,60||1|8013,60|8013,60|961,63|||111010001|4115408|4101408|
|D190|000|6353|12,00|8013,60|8013,60|961,63|0||
|D100|1|0|627803830001150|57|00|2||147|41251062747840000170570020000001471956368516|20102025|20102025|0||8068,20||1|8068,20|8068,20|968,18|||111010001|4115408|4101408|
|D190|000|6353|12,00|8068,20|8068,20|968,18|0||
|D100|1|0|627803830001150|57|00|2||149|41251062747840000170570020000001491674735230|21102025|21102025|0||10760,00||1|10760,00|0,00|0,00|||111010001|4115408|4101408|
|D190|090|6932|0,00|10760,00|0,00|0,00|0||
|D100|1|0|627803830001150|57|00|2||150|41251062747840000170570020000001501864424202|21102025|21102025|0||7254,72||1|7254,72|7254,72|870,57|||111010001|4115408|4101408|
|D190|000|6353|12,00|7254,72|7254,72|870,57|0||
|D100|1|0|627803830001150|57|00|2||151|41251062747840000170570020000001511617708708|21102025|21102025|0||8274,00||1|8274,00|8274,00|992,88|||111010001|4115408|4101408|
|D190|000|6353|12,00|8274,00|8274,00|992,88|0||
|D100|1|0|627803830001150|57|00|2||153|41251062747840000170570020000001531961950276|21102025|21102025|0||1651,40||1|1651,40|0,00|0,00|||111010001|4115408|4101408|
|D190|040|5353|0,00|1651,40|0,00|0,00|0||
|D100|1|0|627803830001150|57|00|2||154|41251062747840000170570020000001541979291956|21102025|21102025|0||8127,00||1|8127,00|8127,00|975,24|||111010001|4115408|4101408|
|D190|000|6353|12,00|8127,00|8127,00|975,24|0||
|D100|1|0|627803830001150|57|00|2||166|41251062747840000170570020000001661846616197|22102025|22102025|0||4350,00||1|4350,00|0,00|0,00|||111010001|4115408|4101408|
|D190|040|5353|0,00|4350,00|0,00|0,00|0||
|D100|1|0|627803830001150|57|00|2||201|41251062747840000170570020000002011348369261|23102025|23102025|0||7589,40||1|7589,40|7589,40|910,73|||111010001|4115408|4101408|
|D190|000|6353|12,00|7589,40|7589,40|910,73|0||
|D100|1|0|627803830001150|57|00|2||216|41251062747840000170570020000002161598438549|24102025|24102025|0||7101,84||1|7101,84|7101,84|852,22|||111010001|4115408|4101408|
|D190|000|6353|12,00|7101,84|7101,84|852,22|0||
|D100|1|0||57|02|2||217|41251062747840000170570020000002171331980442||||||||||||||||
|D100|1|0|627803830001150|57|00|2||218|41251062747840000170570020000002181618757436|25102025|25102025|0||11782,27||1|11782,27|11782,27|1413,87|||111010001|4115408|4101408|
|D190|000|6353|12,00|11782,27|11782,27|1413,87|0||
|D100|1|1|627803830001150|57|00|2||220|41251062747840000170570020000002201068719241|25102025|25102025|0||3350,00||1|3350,00|0,00|0,00|||111010001|4115408|4101408|
|D190|040|5353|0,00|3350,00|0,00|0,00|0||
|D100|1|0|627803830001150|57|00|2||221|41251062747840000170570020000002211525235435|25102025|25102025|0||10331,36||1|10331,36|10331,36|1239,76|||111010001|4115408|4101408|
|D190|000|6353|12,00|10331,36|10331,36|1239,76|0||
|D100|1|0|627803830001150|57|00|2||222|41251062747840000170570020000002221345931112|25102025|25102025|0||9467,50||1|9467,50|9467,50|1136,10|||111010001|4115408|4101408|
|D190|000|6353|12,00|9467,50|9467,50|1136,10|0||
|D100|1|0|627803830001150|57|00|2||223|41251062747840000170570020000002231795126110|25102025|25102025|0||7371,14||1|7371,14|7371,14|884,54|||111010001|4115408|4101408|
|D190|000|6353|12,00|7371,14|7371,14|884,54|0||
|D100|1|1|627803830001150|57|00|2||238|41251062747840000170570020000002381979407360|28102025|28102025|0||7976,40||1|7976,40|0,00|0,00|||111010001|4115408|4101408|
|D190|040|5353|0,00|7976,40|0,00|0,00|0||
|D100|1|1|627803830001150|57|00|2||243|41251062747840000170570020000002431369429751|29102025|29102025|0||4635,00||1|4635,00|0,00|0,00|||111010001|4115408|4101408|
|D190|040|5353|0,00|4635,00|0,00|0,00|0||
|D100|1|0|627803830001150|57|00|2||252|41251062747840000170570020000002521920208140|30102025|30102025|0||4097,12||1|4097,12|4097,12|491,65|||111010001|4115408|4101408|
|D190|000|6353|12,00|4097,12|4097,12|491,65|0||
|D100|1|0|627803830001150|57|00|2||253|41251062747840000170570020000002531783916927|30102025|30102025|0||4180,64||1|4180,64|4180,64|501,68|||111010001|4115408|4101408|
|D190|000|6353|12,00|4180,64|4180,64|501,68|0||
|D990|639|
|E001|0|
|E100|01102025|31102025|
|E110|568674,49|0|0,00|0,00|459225,83|0|0,00|0,00|0,00|109448,66|0,00|109448,66|0,00|0|
|E116|000|109448,66|31102025|1015|||||102025|
|E990|5|
|G001|1|
|G990|2|
|H001|1|
|H990|2|
|K001|0|
|K010|2|
|K100|01102025|31102025|
|K200|31102025|101020001|1065320,000|1|326260450001620|
|K200|31102025|101020001|532740,000|1|409387620003100|
|K200|31102025|101020001|437360,000|1|627803830001150|
|K200|31102025|101020001|1065320,000|1|326260450001620|
|K200|31102025|101020001|532740,000|1|409387620003100|
|K200|31102025|101020001|437360,000|1|627803830001150|
|K990|10|
|1001|0|
|1010|N|N|N|N|N|N|N|N|N|N|N|N|N|
|1990|3|
|9001|0|
|9900|0000|1|
|9900|0001|1|
|9900|0002|0|
|9900|0005|1|
|9900|0015|0|
|9900|0100|1|
|9900|0150|26|
|9900|0190|4|
|9900|0200|6|
|9900|0220|4|
|9900|0400|10|
|9900|0450|0|
|9900|0460|0|
|9900|0990|1|
|9900|B001|1|
|9900|B990|1|
|9900|C001|1|
|9900|C100|342|
|9900|C101|0|
|9900|C170|155|
|9900|C172|0|
|9900|C190|334|
|9900|C500|0|
|9900|C510|0|
|9900|C590|0|
|9900|C990|1|
|9900|D001|1|
|9900|D100|319|
|9900|D190|318|
|9900|D500|0|
|9900|D590|0|
|9900|D990|1|
|9900|E001|1|
|9900|E100|1|
|9900|E110|1|
|9900|E111|0|
|9900|E112|0|
|9900|E113|0|
|9900|E115|0|
|9900|E116|1|
|9900|E500|0|
|9900|E510|0|
|9900|E520|0|
|9900|E530|0|
|9900|E990|1|
|9900|G001|1|
|9900|G990|1|
|9900|H001|1|
|9900|H005|0|
|9900|H010|0|
|9900|H990|1|
|9900|K001|1|
|9900|K010|1|
|9900|K100|1|
|9900|K200|6|
|9900|K990|1|
|9900|1001|1|
|9900|1010|1|
|9900|1100|0|
|9900|1105|0|
|9900|1110|0|
|9900|1400|0|
|9900|1990|1|
|9900|9001|1|
|9900|9900|67|
|9900|9990|1|
|9900|9999|1|
|9990|70|
|9999|1621|
