|0000|020|0|01022026|28022026|HORUS AGRICOLA LTDA|62780383000115||PR|9117457980|4101408|00000||A|0|
|0001|0|
|0005|HORUS AGRICOLA LTDA|86818000|ESTRADA COLONIA ESPERANCA|271||GLEBA PIRAPO|4913811960|0000000000|agrohorus1@gmail.com|
|0100|EDSON HASS|79952089953|062105||86800702|RUA|193||CENTRO||||4101408|
|0150|593564810001150|59.356.481 LUCIANA MITICO OSHIMA KASSAHARA|1058|59356481000115|||4101408||RUA ESTADOS UNIDOS|126||RECANTO MUNDO NOVO|
|0150|126200750001540|A A GONCALVES INDUSTRIA E COMERCIO LTDA.|1058|12620075000154||9054107339|4101408||ANTONIO DE FIGUEIREDO MORAIS|153||PQ INDUSTRIAL|
|0150|245410820001400|AC LOG TRANSPORTES LTDA|1058|24541082000140|||4104808||RUA GUILHERME LUDWIG CERIOLI|124||CASCAVEL VELHO|
|0150|347737630001970|ACR COMERCIO DE COMBUSTIVEIS LTDA|1058|34773763000197||9082588270|4101408||AV DOUTOR MUNHOZ DA ROCHA|83||CENTRO|
|0150|886326529150|ADEMIR CREPIN|1058||88632652915|9536511579|4114609||LOTE RURAL 8/A DO 17 PERIMETRO|0|LINHA BOA VISTA|NOVO TRES PASSOS|
|0150|173394650002550|AG BRASIL LOGISTICA E TRANSPORTES DE CARGA S.A|1058|17339465000255||9063283999|4104808||RUA TRES PODERES|5393|BR 158,280|CASCAVEL VELHO|
|0150|778453600001190|AGRICOLA LUNARDELLI LTDA|1058|77845360000119||8110093420|4103909||ROD VASSILIO BOIKO KM 02|102||CENTRO|
|0150|017305500003900|AGRO LUNA COMERCIO DE RACAO LTDA|1058|01730550000390||440065765112|3529203||RUA ALBERTO MASSOLLI|211||CONJUNTO HABITACIONAL JOAO CORDEIRO|
|0150|029903340006900|AGRODANIELI INDUSTRIA E COMERCIO LTDA|1058|02990334000690||1380038720|4320909||LI SAO DOMINGOS|0|ACESSO 01|CENTRO|
|0150|776667330001940|AGROSANTIN LTDA|1058|77666733000194||4080084680|4105003||RUA PROFESSOR ADALTO|400|SALA|LINHA ERVALZINHO|
|0150|019177680001970|AGROSOLO LTDA|1058|01917768000197||1120055145|4317400||RODOVIA BR-287|0|KM 400|CARLOS HUMBERTO|
|0150|466725300001870|AP COSTA MAQUINAS E FERRAMENTAS LTDA|1058|46672530000187||9094944438|4101408||AV MINAS GERAIS|1869|SUBSL .|JARDIM APUCARANA|
|0150|209391970001360|ARAUJO   MAQUINAS E EQUIPAMENTOS LTDA|1058|20939197000136|||4101507||AV MARACANA|3138||VILA ARAPONGUINHA|
|0150|796371200001540|ARMAZENS GERAIS PAGE LTDA|1058|79637120000154||4370042344|4127858||AVENIDA BRASIL|0||CENTRO|
|0150|466845320001960|ATACADAO FERRO E ACO INDUSTRIA E COMERCIO LTDA|1058|46684532000196||9094956010|4101408||AV ZILDA SEIXAS AMARAL|610||PARQUE INDUSTRIAL ZONA NORTE|
|0150|310101230001370|AUTO POSTO CARRO DE BOI LTDA|1058|31010123000137||9078697099|4114807||ROD BR 376|0|KM 199|ZONA URBANA|
|0150|438489450001700|AUTO POSTO LARA LTDA|1058|43848945000170||9100319370|4103800||ROD BR 376|0|KM 225|GLEBA DOURADOS|
|0150|143101700089190|AUTOZONE BRASIL COMERCIO DE AUTOPECAS LTDA|1058|14310170008919||9094976984|4101408||AVENIDA MINAS GERAIS|199||JARDIM APUCARANA|
|0150|404041400001400|B. GOMES COMERCIO DE COMBUSTIVEIS LTDA|1058|40404140000140||9087584710|4103701||R RONALD TKOTZ|174||DISTRITO INDUSTRIAL|
|0150|027795010002240|B.C.COMERCIO DE COMBUSTIVEIS LTDA.|1058|02779501000224|||4128005||ROD BR 369, KM 433|0||ZONA RURAL|
|0150|073223820001190|BE8 S.A|1058|07322382000119||0910266093|4314100||RODOVIA BR-285 KM 294|0||SAO LUIZ GONZAGA|
|0150|070364210001110|BFL INDUSTRIA E COMERCIO DE CEREAIS LTDA|1058|07036421000111||0600017451|4309506||VL TRES IRMAOS|0|SALA 07|SUBURBIOS|
|0150|029878730004080|BOCCHI INDUSTRIA E COMERCIO DE CEREAIS LTDA|1058|02987873000408||4530000620|4312617||RODOVIA BR 285, KM 179 , UNIDADE 1|0||DISTRITO|
|0150|972467480002910|C.VACCARO  CIA LTDA|1058|97246748000291||0390132004|4307005||ROD BR-153|0|KM 42.8|INDUSTRIAL DAVIDE ZORZI|
|0150|982486440006020|CAMERA AGROINDUSTRIAL S.A.|1058|98248644000602||1100055611|4317202||R NOLAR KRUEL|235||CENTRO|
|0150|532582319150|CAMILO BRUNETTA|1058||53258231915|9556249048|4114005||EST MAMBORE BARRO PRETO|279||ZONA RURAL|
|0150|783895740001900|CEREALISTA AGRICOLA WARMLING LTDA|1058|78389574000190||3290091739|4123006||RODOVIA PR 281 - SAIDA P/ DOIS VIZI|241||SANTA MARIA|
|0150|953962970001620|CEREALISTA LOTICI LTDA|1058|95396297000162||9036434551|4123824||ROD BR 163 - KM 49|0|KM 49|TREVO|
|0150|975423130001030|CIDADE ALTA MAQUINAS E FERRAMENTAS|1058|97542313000103||9056533424|4101408||AV. MINAS GERAIS|56||APUCARANA|
|0150|176098370001350|CIDADE ALTA MATERIAIS DE CONSTRUCAO LTDA|1058|17609837000135||9065624564|4101408||AV PINHO ARAUCARIA|216||NH AFONSO A. CAMARGO|
|0150|798635690071430|COASUL COOPERATIVA AGROINDUSTRIAL|1058|79863569007143|||4108403||AV UNIAO DA VITORIA|1450|QUADRA103 LOTE 1|VILA NOVA|
|0150|833052350078060|COOPERATIVA AGROINDUSTRIAL ALFA|1058|83305235007806||251929159|4204202||ROD SC 283 KM 3|0||INTERIOR|
|0150|043688980001060|COPEL DISTRIBUICAO S/A|1058|04368898000106||9023307399|4106902||RUA JOSE IZIDORO BIAZETTO|158|BL C|MOSSUNGUE|
|0150|784089119530|EDSON FRANZ|1058||78408911953|9517990091|4114609||LINHA SANGA MINEIRA|0||SANGA MINEIRA|
|0150|005027540008160|ELETROLUZ MATERIAIS ELETRICOS LTDA|1058|00502754000816||9077710164|4101408||AVENIDA PARANA|333||VILA IVONE|
|0150|569114890001080|FAZENDA SAO JOSE LTDA|1058|56911489000108||9109093804|4113700||ESTRADA TRES BOCAS RIO DO CERNE|0|CONJ SITIO SANTA ROSA|ZONA RURAL|
|0150|030610069071|GABRIELA HAMM STURM|1058||03061006907|9536679402|4114609||LINHA SAO JOSE DO GUACU|0|ZONA RURAL|NOVO TRES PASSOS|
|0150|054318491900|GABRIELA LARISSA GENZ|1058||05431849190|9585264587|4114609||LINHA BOA VISTA|0||NOVO TRES PASSOS|
|0150|473469440001890|GARAGE 35 COMERCIO E SERVICOS LTDA|1058|47346944000189|||4101408||RUA CRISTIANO KUSSMAUL|486||JARDIM MENEGAZZO|
|0150|503375500001790|GM.3 PETRO COMBUSTIVEIS LTDA|1058|50337550000179||9099902466|4101507||ROD BR 369 SAIDA PARA APUCARANA|100||PARQUE INDUSTRIAL IV|
|0150|633582100001760|HORUS TRANSPORTES E LOGISTICA LTDA|1058|63358210000176||9118284566|4101408||ESTRADA ESTRATA COLONIA ESPERANCA|271|SALA A|GLEBA PIRAPO|
|0150|764304380104870|IRMAOS MUFFATO E CIA LTDA- AP BELA|1058|76430438010487||9085216500|4101408||RUA BELA VISTA|268||VILA SANTA TEREZINHA|
|0150|764304380060210|IRMAOS MUFFATO E CIA LTDA -MAX APUC|1058|76430438006021||9054776923|4104808||AV MINAS GERAIS|91||JD APUCARANA|
|0150|078857600003340|J.E.   COMERCIO DE TINTAS LTDA|1058|07885760000334||9117343623|4101408||AV MINAS GERAIS|2251||JARDIM APUCARANA|
|0150|061258030005820|JALE TRANSPORTES LTDA|1058|06125803000582||9082504190|4124020||RODOVIA BR 163|0|KM 184 SALA 100 E 205 ANEXO POSTO SANTA MARIA|VILA SANTA MARIA|
|0150|207029070001000|JHD FABRICACAO E COMERCIO DE RACAO, IMPORTACAO E EXPORTACAO|1058|20702907000100||284019844|5003702||MS 276 INDAPOLIS/LAGOA BONITA KM 01|0||INDAPOLIS|
|0150|040411870001220|MARLENE S. A. CONFECCOES LTDA|1058|04041187000122|||4115200||RUA JOSE BULLA|370||JARDIM INTERNORTE|
|0150|126204870001940|MINASFER COMERCIAL DE FERRO E ACO LTDA|1058|12620487000194||9053494304|4101408||RUA ARGENTINA|29||JARDIM DIAMANTINA|
|0150|250315450002770|O INFANTI CONFECCOES LTDA.|1058|25031545000277||9086437551|4101408||AVENIDA CURITIBA|1689||CENTRO|
|0150|918308360001790|OLFAR  S A ALIMENTO E ENERGIA|1058|91830836000179||0390045713|4307005||RODOVIA BR153|0|KM 53|FRINAPE|
|0150|627478400001700|ORIX LTDA|1058|62747840000170||9117411050|4115408||R EDSON ARMANDO PERIN|184||CENTRO|
|0150|130139010001600|PAULO DOS SANTOS COSTA|1058|13013901000160||9080308695|4116901||RODOVIA BR 376 KM 136|0|LOTE 58|GLEBA PATRIMONIO CAPELINHA|
|0150|778799710001880|PERON FERRARI S/A EM RECUPERACAO JUDICIAL|1058|77879971000188||3270077187|4124400||RUA SANTOS DUMONT|21||CENTRO|
|0150|337647180001030|PINHEIRO PENEIRAS LTDA|1058|33764718000103|||4108403||RUA CLENIO FAUST|230||PADRE ULRICO|
|0150|572515370001410|POSTO DE COMBUSTIVEIS PANDOLFI FRANCISCO BELTRAO LTDA|1058|57251537000141||9109590778|4108403||AVENIDA NATALINO FAUST|256||JARDIM FLORESTA|
|0150|014437420001540|PRINT LDA COMERCIO E LOCACAO DE ELETRONICOS LTDA - ME|1058|01443742000154||9011399972|4113700||RUA PENSILVANIA|180||KENNEDY|
|0150|432670290003090|PRODUCE S/A|1058|43267029000309||108781267|5219308||RODOVIA GO-164|0|KM 25 SALA 02|INTERIOR|
|0150|310142760001520|R N PERUSSO CEREAIS LTDA|1058|31014276000152||9078701380|4118501||ROD BR-158 KM 517|3851|CXPST 187|SAO FRANCISCO|
|0150|379298730004360|SANA LOG LOGISTICA E TRANSPORTES LTDA|1058|37929873000436|||4128708||RODOVIA ROD TREVO ROD BR 158/280|0|SALA 01B ANEXO POSTO DOVA|CATTANI|
|0150|391774360001960|SCHMIDT E FEVEREIRO COMERCIO DE COMBUSTIVEIS LTDA|1058|39177436000196||9086335040|4101408||AVENIDA GOVERNADOR ROBERTO DA SILVEIRA|480||BARRA FUNDA|
|0150|638475130001520|SO MILHO COMERCIAL E GRAOS LTDA|1058|63847513000152||203459989|5201405||AVENIDA  WALQUIRIA|239|QUADRAF LOTE 12|VILA SANTOS DUMONT|
|0150|025581570518240|TELEFONICA BRASIL S/A|1058|02558157051824||9015982664|4113700||AVENIDA HIGIENOPOLIS|1365||JARDIM HIGIENOPOLIS|
|0150|253359810001590|TRABALHO SEGURO CALCADOS E EPI EXPRESS LTDA|1058|25335981000159|||4101408||AV CURITIBA|2||BARRA FUNDA|
|0150|015017290004570|TRANSPORTADORA SANA LTDA|1058|01501729000457||9068863675|4124020||ROD BR 163|0|KM: 184 SALA: 200 ANEXO: POSTO SANTA MARIA|SANTA MARIA|
|0150|124076910001210|VICOLOG TRANSPORTES EIRELI|1058|12407691000121||9053031045|4104808||RODOVIA BR-277|0||CASCAVEL VELHO|
|0150|052034670002330|ZAFALON REDE DE POSTOS LTDA|1058|05203467000233||9045281962|4112959||ROD BR 369|0|KM 412|ZONA RURAL|
|0190|KG|KILOGRAMAS|
|0190|LTS|LITROS|
|0190|UN|UNIDADES|
|0190|UND|UNIDADES|
|0200|101010001|SOJA EM GRAOS|||KG|00|12019000||12|00.00|0,00||
|0200|101020001|MILHO EM GRAOS|||KG|00|10059010||12|00.00|0,00||
|0200|213010001|BEAUTOP - 1 KG|||UN|00|38089199||38|00.00|0,00||
|0200|901010017|TONER TK 3182|||UN|00|84439933|||00.00|0,00||
|0200|901010034|COPA E COZINHA|||UND|99|00000000|||00.00|0,00||
|0200|901010035|MATERIAL DE LIMPEZA|||UND|07|00000000||34|00.00|0,00||
|0200|901010039|UNIFORME|||UND|07|00000000||60|00.00|0,00||
|0200|902010032|OLEO DIESEL/GRAXA/OLEO DE MAQUINA/PREMALUBE/LIMPA CONTATO|||LTS|07|27101921||27|00.00|0,00||
|0200|902010057|CANTONEIRA / VIGA/PERFIL CHAPA/MARREIRAS/TESOURAS/TUBO/TRILHO|||UND|07|72162100||85|00.00|0,00||
|0200|902010061|PENEIRA/MARTELO REVESTIDO/QUARTEADOR|||UND|07|84379000|||00.00|0,00||
|0200|902010069|SILICONE/REJUNTE/ARGAMAASA|||UND|07|32140110||85|00.00|0,00||
|0200|902010070|FITA DUPLA FACE/PU/PLACA/PU SACHE/POLIURETANO|||UND|07|35069190||85|00.00|0,00||
|0200|902010079|PARAFUSO|||UND|07|73181500||85|00.00|0,00||
|0200|902010080|PORCA|||UND|07|73181600||85|00.00|0,00||
|0200|902010109|TRAVA QUEDAS/ GRAMPO/CLIPS/ATLAS/TRELICA/ABRACADEIRA/ESTICADOR|||UND|07|73269090||85|00.00|0,00||
|0200|902010147|BROCA/PONTEIRA/IMPLEMENTO FS|||UND|07|82075011||82|00.00|0,00||
|0200|902010155|TORNEIRA/REGISTRO MAQUINA/BOIA/VALVULA/REGISTRO/REPARO|||UND|07|84818019||39|00.00|0,00||
|0200|902010159|THINNER/DILUENTE|||UN|07|38140090||32|00.00|0,00||
|0200|902010181|RODA DENTADA/SPROCKET/PINHAO/RODA EMBORRACHADA|||UND|07|84839000||85|00.00|0,00||
|0200|902010193|ADPTADOR/UNIAO P/MANGUEIRA/JOELHO/IRRIGADOR|||UND|07|84248229||39|00.00|0,00||
|0200|902010196|CAMARA DE AR|||UND|07|40139000||40|00.00|0,00||
|0200|902010219|CONECTOR PARAFUSO/TERMINAL DE PRESSAO|||UND|07|85359090||82|00.00|0,00||
|0200|902010277|AJUNTADEIRA/PEDRISCO/PICARETA/PA/ENXADA/MACHADINHA/FACAO|||UN|07|82011000||85|00.00|0,00||
|0200|902010289|LANTERNA|||UN|07|85131090||85|00.00|0,00||
|0200|902010340|VIGA U/CANTONEIRA/PERFIL|||UN|07|72166190||83|00.00|0,00||
|0200|902010390|LAMINA P/ROCADEIRA|||UND|07|82084000||82|00.00|0,00||
|0200|902010398|SEMI SUPORTE/ ABRACADEIRA|||UN|07|73089090||85|00.00|0,00||
|0200|902010415|PNEU  2 LONA|||UN|07|40121900||40|00.00|0,00||
|0200|902020001|CAPACETE/JUGULAR|||UND|07|65061000||85|00.00|0,00||
|0200|902020002|MASCARA/RESPIRADOR/TALABARTE|||UND|07|63079010||85|00.00|0,00||
|0200|902020003|LUVA|||UND|07|40151900||61|00.00|0,00||
|0200|902020004|OCULOS|||UND|07|90049020||90|00.00|0,00||
|0200|902020012|BOTINA/COTURNO/TENIS SOLADO|||UND|07|64059000||64|00.00|0,00||
|0200|902020016|PROTETOR AURICULAR/PROTETOR FACIAL/ABAFADOR|||UND|07|39269090||90|00.00|0,00||
|0200|904010001|MANUTENCAO E REPAROS|||UND|09|00000000|||00.00|0,00||
|0200|904010005|COMBUSTIVEIS E LUBRIFICANTES|||UND|09|00000000|||00.00|0,00||
|0200|904010010|REFEICOES/DIARIAS|||UND|09|00000000|||00.00|0,00||
|0200|904010012|CONFRATERNIZACOES|||UND|99|00000000|||00.00|0,00||
|0220|KG|1,0000||
|0220|LTS|1,0000||
|0220|UN|1,0000||
|0220|UND|1,0000||
|0400|11|COMPRAS M.I.PRECO FIXO - PF|
|0400|961|1556/2556 - MANUTENCAO E REPARO ARMAZEM C/CREDITO|
|0400|14|COMPRAS M.I.PRECO FIXO - PJ|
|0400|214|ENTRADAS POR DEVOLUCAO DE VENDAS PRECO FIXO|
|0400|917|1556/2556 - MANUTENCAO DE VEICULOS - ADM/COMERCIAL|
|0400|967|1556/2556 - EPI-ARMAZEM-INDUSTRIA|
|0400|19|COMPRAS M.I.PRECO FIXO - SO SENAR - PF|
|0400|9112|1653/2653 - COMBUSTIVEL E LUBRIFICANTES - ADM/COMERCIAL|
|0400|9119|1556/2556 - CONFRATERNIZACOES - ADM/COMERCIAL|
|0400|6621|1949/2949 - OUTRAS ENTRADAS|
|0400|124|1102/2102 - COMPRAS M.I.PRECO FIXO REDUCAO BASE 60%|
|0400|9124|1556/2556 - REFEICOES E DIARIAS - ADM/COMERCIAL|
|0400|9125|1556/2556 - COPA E COZINHA - ADM/COMERCIAL|
|0400|9134|1556/2556 - MATERIAL HIGIENE E LIMPEZA - ADM/COMERCIAL|
|0400|9151|1556/2556 - UNIFORMES - ADMINISTRATIVAS - DESP. C/ PESSOAL|
|0400|166|1102/2102 - COMPRAS ICMS 100% C/ PIS E COFINS|
|0400|9176|1653/2653 - COMBUSTIVEL E LUBRIFICANTES (SEM FINANCEIRO)|
|0400|9684|1556/2556 - MANUTENCAO DA PRE LIMPEZA - ARMAZEM/INDUSTRIA|
|0990|135|
|B001|1|
|B990|2|
|C001|0|
|C100|0|1|005027540008160|55|00|1|160323|41260200502754000816550010001603231869972737|18022026|20022026|20,00|1|0,00||20,00|0|0,00|0,00||0,00|0,00|0,00|0,00|0,00|0,33|1,52|||
|C170|1|902010032|OLEO DIESEL/GRAXA/OLEO DE MAQUINA/PREMALUBE/LIMPA CONTATO|1,0000|LTS|20,00|0,00|1|090|1556|961|0,00|0,00|0,00|0,00|0,00|0,00|0|||0,00|0,00|0,00|56|20,00|1,6500|0,00|0,0000|0,33|56|20,00|7,6000|0,00|0,0000|1,52||0,00|
|C190|090|1556|0,00|20,00|0,00|0,00|0,00|0,00|0|00,00||
|C100|0|1|014437420001540|55|00|1|21115|41260201443742000154550010000211151000871111|16022026|20022026|520,00|1|0,00||520,00|0|0,00|0,00||0,00|0,00|0,00|0,00|0,00|0,00|0,00|||
|C170|1|901010017|TONER TK 3182|2,0000|UN|520,00|0,00|1|090|1949|6621|0,00|0,00|0,00|0,00|0,00|0,00|0|||0,00|0,00|0,00|70|0,00|0,0000|0,00|0,0000|0,00|70|0,00|0,0000|0,00|0,0000|0,00||0,00|
|C190|090|1949|0,00|520,00|0,00|0,00|0,00|0,00|0|00,00||
|C100|0|1|017305500003900|55|00|1|900|35260101730550000390550010000009001003727922|28012026|03022026|109452,00|1|0,00||109452,00|1|0,00|0,00||109452,00|13134,24|0,00|0,00|0,00|1805,96|8318,35|||
|C170|1|101010001|SOJA EM GRAOS|52120,0000|KG|109452,00|0,00|0|000|2102|166|109452,00|12,00|13134,24|0,00|0,00|0,00|0|||0,00|0,00|0,00|56|109452,00|1,6500|0,00|0,0000|1805,96|56|109452,00|7,6000|0,00|0,0000|8318,35||0,00|
|C190|000|2102|12,00|109452,00|109452,00|13134,24|0,00|0,00|0|00,00||
|C100|0|1|017305500003900|55|00|1|901|35260101730550000390550010000009011003727920|28012026|03022026|109116,00|1|0,00||109116,00|1|0,00|0,00||109116,00|13093,92|0,00|0,00|0,00|1800,41|8292,82|||
|C170|1|101010001|SOJA EM GRAOS|51960,0000|KG|109116,00|0,00|0|000|2102|166|109116,00|12,00|13093,92|0,00|0,00|0,00|0|||0,00|0,00|0,00|56|109116,00|1,6500|0,00|0,0000|1800,41|56|109116,00|7,6000|0,00|0,0000|8292,82||0,00|
|C190|000|2102|12,00|109116,00|109116,00|13093,92|0,00|0,00|0|00,00||
|C100|0|1|017305500003900|55|00|1|902|35260101730550000390550010000009021003727927|28012026|03022026|107100,00|1|0,00||107100,00|1|0,00|0,00||107100,00|12852,00|0,00|0,00|0,00|1767,15|8139,60|||
|C170|1|101010001|SOJA EM GRAOS|51000,0000|KG|107100,00|0,00|0|000|2102|166|107100,00|12,00|12852,00|0,00|0,00|0,00|0|||0,00|0,00|0,00|56|107100,00|1,6500|0,00|0,0000|1767,15|56|107100,00|7,6000|0,00|0,0000|8139,60||0,00|
|C190|000|2102|12,00|107100,00|107100,00|12852,00|0,00|0,00|0|00,00||
|C100|0|1|017305500003900|55|00|1|903|35260101730550000390550010000009031003727924|28012026|03022026|107814,00|1|0,00||107814,00|1|0,00|0,00||107814,00|12937,68|0,00|0,00|0,00|1778,93|8193,86|||
|C170|1|101010001|SOJA EM GRAOS|51340,0000|KG|107814,00|0,00|0|000|2102|166|107814,00|12,00|12937,68|0,00|0,00|0,00|0|||0,00|0,00|0,00|56|107814,00|1,6500|0,00|0,0000|1778,93|56|107814,00|7,6000|0,00|0,0000|8193,86||0,00|
|C190|000|2102|12,00|107814,00|107814,00|12937,68|0,00|0,00|0|00,00||
|C100|0|1|017305500003900|55|00|1|904|35260101730550000390550010000009041003727921|28012026|03022026|108108,00|1|0,00||108108,00|1|0,00|0,00||108108,00|12972,96|0,00|0,00|0,00|1783,78|8216,21|||
|C170|1|101010001|SOJA EM GRAOS|51480,0000|KG|108108,00|0,00|0|000|2102|166|108108,00|12,00|12972,96|0,00|0,00|0,00|0|||0,00|0,00|0,00|56|108108,00|1,6500|0,00|0,0000|1783,78|56|108108,00|7,6000|0,00|0,0000|8216,21||0,00|
|C190|000|2102|12,00|108108,00|108108,00|12972,96|0,00|0,00|0|00,00||
|C100|0|1|017305500003900|55|00|1|905|35260101730550000390550010000009051003727929|28012026|03022026|108150,00|1|0,00||108150,00|1|0,00|0,00||108150,00|12978,00|0,00|0,00|0,00|1784,48|8219,40|||
|C170|1|101010001|SOJA EM GRAOS|51500,0000|KG|108150,00|0,00|0|000|2102|166|108150,00|12,00|12978,00|0,00|0,00|0,00|0|||0,00|0,00|0,00|56|108150,00|1,6500|0,00|0,0000|1784,48|56|108150,00|7,6000|0,00|0,0000|8219,40||0,00|
|C190|000|2102|12,00|108150,00|108150,00|12978,00|0,00|0,00|0|00,00||
|C100|0|1|017305500003900|55|00|1|906|35260101730550000390550010000009061003727926|28012026|03022026|110124,00|1|0,00||110124,00|1|0,00|0,00||110124,00|13214,88|0,00|0,00|0,00|1817,05|8369,42|||
|C170|1|101010001|SOJA EM GRAOS|52440,0000|KG|110124,00|0,00|0|000|2102|166|110124,00|12,00|13214,88|0,00|0,00|0,00|0|||0,00|0,00|0,00|56|110124,00|1,6500|0,00|0,0000|1817,05|56|110124,00|7,6000|0,00|0,0000|8369,42||0,00|
|C190|000|2102|12,00|110124,00|110124,00|13214,88|0,00|0,00|0|00,00||
|C100|0|1|017305500003900|55|00|1|907|35260101730550000390550010000009071003727923|28012026|03022026|108360,00|1|0,00||108360,00|1|0,00|0,00||108360,00|13003,20|0,00|0,00|0,00|1787,94|8235,36|||
|C170|1|101010001|SOJA EM GRAOS|51600,0000|KG|108360,00|0,00|0|000|2102|166|108360,00|12,00|13003,20|0,00|0,00|0,00|0|||0,00|0,00|0,00|56|108360,00|1,6500|0,00|0,0000|1787,94|56|108360,00|7,6000|0,00|0,0000|8235,36||0,00|
|C190|000|2102|12,00|108360,00|108360,00|13003,20|0,00|0,00|0|00,00||
|C100|0|1|017305500003900|55|00|1|908|35260101730550000390550010000009081003727920|28012026|03022026|109998,00|1|0,00||109998,00|1|0,00|0,00||109998,00|13199,76|0,00|0,00|0,00|1814,97|8359,85|||
|C170|1|101010001|SOJA EM GRAOS|52380,0000|KG|109998,00|0,00|0|000|2102|166|109998,00|12,00|13199,76|0,00|0,00|0,00|0|||0,00|0,00|0,00|56|109998,00|1,6500|0,00|0,0000|1814,97|56|109998,00|7,6000|0,00|0,0000|8359,85||0,00|
|C190|000|2102|12,00|109998,00|109998,00|13199,76|0,00|0,00|0|00,00||
|C100|0|1|017305500003900|55|00|1|909|35260101730550000390550010000009091003727928|28012026|03022026|107352,00|1|0,00||107352,00|1|0,00|0,00||107352,00|12882,24|0,00|0,00|0,00|1771,31|8158,75|||
|C170|1|101010001|SOJA EM GRAOS|51120,0000|KG|107352,00|0,00|0|000|2102|166|107352,00|12,00|12882,24|0,00|0,00|0,00|0|||0,00|0,00|0,00|56|107352,00|1,6500|0,00|0,0000|1771,31|56|107352,00|7,6000|0,00|0,0000|8158,75||0,00|
|C190|000|2102|12,00|107352,00|107352,00|12882,24|0,00|0,00|0|00,00||
|C100|0|1|017305500003900|55|00|1|910|35260101730550000390550010000009101003727929|28012026|03022026|106680,00|1|0,00||106680,00|1|0,00|0,00||106680,00|12801,60|0,00|0,00|0,00|1760,22|8107,68|||
|C170|1|101010001|SOJA EM GRAOS|50800,0000|KG|106680,00|0,00|0|000|2102|166|106680,00|12,00|12801,60|0,00|0,00|0,00|0|||0,00|0,00|0,00|56|106680,00|1,6500|0,00|0,0000|1760,22|56|106680,00|7,6000|0,00|0,0000|8107,68||0,00|
|C190|000|2102|12,00|106680,00|106680,00|12801,60|0,00|0,00|0|00,00||
|C100|0|1|017305500003900|55|00|1|911|35260101730550000390550010000009111003727926|28012026|03022026|108192,00|1|0,00||108192,00|1|0,00|0,00||108192,00|12983,04|0,00|0,00|0,00|1785,17|8222,59|||
|C170|1|101010001|SOJA EM GRAOS|51520,0000|KG|108192,00|0,00|0|000|2102|166|108192,00|12,00|12983,04|0,00|0,00|0,00|0|||0,00|0,00|0,00|56|108192,00|1,6500|0,00|0,0000|1785,17|56|108192,00|7,6000|0,00|0,0000|8222,59||0,00|
|C190|000|2102|12,00|108192,00|108192,00|12983,04|0,00|0,00|0|00,00||
|C100|0|1|017305500003900|55|00|1|923|35260201730550000390550010000009231003727920|09022026|12022026|113680,82|1|0,00||113680,82|1|0,00|0,00||113680,82|13641,70|0,00|0,00|0,00|1875,73|8639,74|||
|C170|1|101010001|SOJA EM GRAOS|52460,0000|KG|113680,82|0,00|0|000|2102|166|113680,82|12,00|13641,70|0,00|0,00|0,00|0|||0,00|0,00|0,00|56|113680,82|1,6500|0,00|0,0000|1875,73|56|113680,82|7,6000|0,00|0,0000|8639,74||0,00|
|C190|000|2102|12,00|113680,82|113680,82|13641,70|0,00|0,00|0|00,00||
|C100|0|1|017305500003900|55|00|1|924|35260201730550000390550010000009241003727928|09022026|12022026|110170,28|1|0,00||110170,28|1|0,00|0,00||110170,28|13220,43|0,00|0,00|0,00|1817,81|8372,94|||
|C170|1|101010001|SOJA EM GRAOS|50840,0000|KG|110170,28|0,00|0|000|2102|166|110170,28|12,00|13220,43|0,00|0,00|0,00|0|||0,00|0,00|0,00|56|110170,28|1,6500|0,00|0,0000|1817,81|56|110170,28|7,6000|0,00|0,0000|8372,94||0,00|
|C190|000|2102|12,00|110170,28|110170,28|13220,43|0,00|0,00|0|00,00||
|C100|0|1|017305500003900|55|00|1|925|35260201730550000390550010000009251003727925|09022026|12022026|113377,44|1|0,00||113377,44|1|0,00|0,00||113377,44|13605,29|0,00|0,00|0,00|1870,73|8616,69|||
|C170|1|101010001|SOJA EM GRAOS|52320,0000|KG|113377,44|0,00|0|000|2102|166|113377,44|12,00|13605,29|0,00|0,00|0,00|0|||0,00|0,00|0,00|56|113377,44|1,6500|0,00|0,0000|1870,73|56|113377,44|7,6000|0,00|0,0000|8616,69||0,00|
|C190|000|2102|12,00|113377,44|113377,44|13605,29|0,00|0,00|0|00,00||
|C100|0|1|017305500003900|55|00|1|926|35260201730550000390550010000009261003727922|10022026|12022026|109043,44|1|0,00||109043,44|1|0,00|0,00||109043,44|13085,21|0,00|0,00|0,00|1799,22|8287,30|||
|C170|1|101010001|SOJA EM GRAOS|50320,0000|KG|109043,44|0,00|0|000|2102|166|109043,44|12,00|13085,21|0,00|0,00|0,00|0|||0,00|0,00|0,00|56|109043,44|1,6500|0,00|0,0000|1799,22|56|109043,44|7,6000|0,00|0,0000|8287,30||0,00|
|C190|000|2102|12,00|109043,44|109043,44|13085,21|0,00|0,00|0|00,00||
|C100|0|1|017305500003900|55|00|1|927|35260201730550000390550010000009271003727920|10022026|12022026|111037,08|1|0,00||111037,08|1|0,00|0,00||111037,08|13324,45|0,00|0,00|0,00|1832,11|8438,82|||
|C170|1|101010001|SOJA EM GRAOS|51240,0000|KG|111037,08|0,00|0|000|2102|166|111037,08|12,00|13324,45|0,00|0,00|0,00|0|||0,00|0,00|0,00|56|111037,08|1,6500|0,00|0,0000|1832,11|56|111037,08|7,6000|0,00|0,0000|8438,82||0,00|
|C190|000|2102|12,00|111037,08|111037,08|13324,45|0,00|0,00|0|00,00||
|C100|0|1|017305500003900|55|00|1|928|35260201730550000390550010000009281003727927|10022026|12022026|110907,06|1|0,00||110907,06|1|0,00|0,00||110907,06|13308,85|0,00|0,00|0,00|1829,97|8428,94|||
|C170|1|101010001|SOJA EM GRAOS|51180,0000|KG|110907,06|0,00|0|000|2102|166|110907,06|12,00|13308,85|0,00|0,00|0,00|0|||0,00|0,00|0,00|56|110907,06|1,6500|0,00|0,0000|1829,97|56|110907,06|7,6000|0,00|0,0000|8428,94||0,00|
|C190|000|2102|12,00|110907,06|110907,06|13308,85|0,00|0,00|0|00,00||
|C100|0|1|017305500003900|55|00|1|929|35260201730550000390550010000009291003727924|10022026|12022026|115544,44|1|0,00||115544,44|1|0,00|0,00||115544,44|13865,33|0,00|0,00|0,00|1906,48|8781,38|||
|C170|1|101010001|SOJA EM GRAOS|53320,0000|KG|115544,44|0,00|0|000|2102|166|115544,44|12,00|13865,33|0,00|0,00|0,00|0|||0,00|0,00|0,00|56|115544,44|1,6500|0,00|0,0000|1906,48|56|115544,44|7,6000|0,00|0,0000|8781,38||0,00|
|C190|000|2102|12,00|115544,44|115544,44|13865,33|0,00|0,00|0|00,00||
|C100|0|1|017305500003900|55|00|1|930|35260201730550000390550010000009301003727925|11022026|13022026|110256,96|1|0,00||110256,96|1|0,00|0,00||110256,96|13230,84|0,00|0,00|0,00|1819,24|8379,53|||
|C170|1|101010001|SOJA EM GRAOS|50880,0000|KG|110256,96|0,00|0|000|2102|166|110256,96|12,00|13230,84|0,00|0,00|0,00|0|||0,00|0,00|0,00|56|110256,96|1,6500|0,00|0,0000|1819,24|56|110256,96|7,6000|0,00|0,0000|8379,53||0,00|
|C190|000|2102|12,00|110256,96|110256,96|13230,84|0,00|0,00|0|00,00||
|C100|0|1|017305500003900|55|00|1|931|35260201730550000390550010000009311003727922|11022026|13022026|111687,18|1|0,00||111687,18|1|0,00|0,00||111687,18|13402,46|0,00|0,00|0,00|1842,84|8488,23|||
|C170|1|101010001|SOJA EM GRAOS|51540,0000|KG|111687,18|0,00|0|000|2102|166|111687,18|12,00|13402,46|0,00|0,00|0,00|0|||0,00|0,00|0,00|56|111687,18|1,6500|0,00|0,0000|1842,84|56|111687,18|7,6000|0,00|0,0000|8488,23||0,00|
|C190|000|2102|12,00|111687,18|111687,18|13402,46|0,00|0,00|0|00,00||
|C100|0|1|017305500003900|55|00|1|932|35260201730550000390550010000009321003727920|11022026|13022026|110560,34|1|0,00||110560,34|1|0,00|0,00||110560,34|13267,24|0,00|0,00|0,00|1824,25|8402,59|||
|C170|1|101010001|SOJA EM GRAOS|51020,0000|KG|110560,34|0,00|0|000|2102|166|110560,34|12,00|13267,24|0,00|0,00|0,00|0|||0,00|0,00|0,00|56|110560,34|1,6500|0,00|0,0000|1824,25|56|110560,34|7,6000|0,00|0,0000|8402,59||0,00|
|C190|000|2102|12,00|110560,34|110560,34|13267,24|0,00|0,00|0|00,00||
|C100|0|1|017305500003900|55|00|1|933|35260201730550000390550010000009331003727927|12022026|13022026|110473,66|1|0,00||110473,66|1|0,00|0,00||110473,66|13256,84|0,00|0,00|0,00|1822,82|8396,00|||
|C170|1|101010001|SOJA EM GRAOS|50980,0000|KG|110473,66|0,00|0|000|2102|166|110473,66|12,00|13256,84|0,00|0,00|0,00|0|||0,00|0,00|0,00|56|110473,66|1,6500|0,00|0,0000|1822,82|56|110473,66|7,6000|0,00|0,0000|8396,00||0,00|
|C190|000|2102|12,00|110473,66|110473,66|13256,84|0,00|0,00|0|00,00||
|C100|0|1|017305500003900|55|00|1|934|35260201730550000390550010000009341003727924|12022026|13022026|110430,32|1|0,00||110430,32|1|0,00|0,00||110430,32|13251,64|0,00|0,00|0,00|1822,10|8392,70|||
|C170|1|101010001|SOJA EM GRAOS|50960,0000|KG|110430,32|0,00|0|000|2102|166|110430,32|12,00|13251,64|0,00|0,00|0,00|0|||0,00|0,00|0,00|56|110430,32|1,6500|0,00|0,0000|1822,10|56|110430,32|7,6000|0,00|0,0000|8392,70||0,00|
|C190|000|2102|12,00|110430,32|110430,32|13251,64|0,00|0,00|0|00,00||
|C100|0|1|017305500003900|55|00|1|935|35260201730550000390550010000009351003727921|12022026|13022026|110560,34|1|0,00||110560,34|1|0,00|0,00||110560,34|13267,24|0,00|0,00|0,00|1824,25|8402,59|||
|C170|1|101010001|SOJA EM GRAOS|51020,0000|KG|110560,34|0,00|0|000|2102|166|110560,34|12,00|13267,24|0,00|0,00|0,00|0|||0,00|0,00|0,00|56|110560,34|1,6500|0,00|0,0000|1824,25|56|110560,34|7,6000|0,00|0,0000|8402,59||0,00|
|C190|000|2102|12,00|110560,34|110560,34|13267,24|0,00|0,00|0|00,00||
|C100|0|1|017305500003900|55|00|1|936|35260201730550000390550010000009361003727929|13022026|16022026|113420,78|1|0,00||113420,78|1|0,00|0,00||113420,78|13610,49|0,00|0,00|0,00|1871,44|8619,98|||
|C170|1|101010001|SOJA EM GRAOS|52340,0000|KG|113420,78|0,00|0|000|2102|166|113420,78|12,00|13610,49|0,00|0,00|0,00|0|||0,00|0,00|0,00|56|113420,78|1,6500|0,00|0,0000|1871,44|56|113420,78|7,6000|0,00|0,0000|8619,98||0,00|
|C190|000|2102|12,00|113420,78|113420,78|13610,49|0,00|0,00|0|00,00||
|C100|0|1|017305500003900|55|00|1|937|35260201730550000390550010000009371003727926|13022026|16022026|115111,04|1|0,00||115111,04|1|0,00|0,00||115111,04|13813,32|0,00|0,00|0,00|1899,33|8748,44|||
|C170|1|101010001|SOJA EM GRAOS|53120,0000|KG|115111,04|0,00|0|000|2102|166|115111,04|12,00|13813,32|0,00|0,00|0,00|0|||0,00|0,00|0,00|56|115111,04|1,6500|0,00|0,0000|1899,33|56|115111,04|7,6000|0,00|0,0000|8748,44||0,00|
|C190|000|2102|12,00|115111,04|115111,04|13813,32|0,00|0,00|0|00,00||
|C100|0|1|017305500003900|55|00|1|938|35260201730550000390550010000009381003727923|13022026|16022026|110560,34|1|0,00||110560,34|1|0,00|0,00||110560,34|13267,24|0,00|0,00|0,00|1824,25|8402,59|||
|C170|1|101010001|SOJA EM GRAOS|51020,0000|KG|110560,34|0,00|0|000|2102|166|110560,34|12,00|13267,24|0,00|0,00|0,00|0|||0,00|0,00|0,00|56|110560,34|1,6500|0,00|0,0000|1824,25|56|110560,34|7,6000|0,00|0,0000|8402,59||0,00|
|C190|000|2102|12,00|110560,34|110560,34|13267,24|0,00|0,00|0|00,00||
|C100|0|1|017305500003900|55|00|1|939|35260201730550000390550010000009391003727920|13022026|16022026|112857,36|1|0,00||112857,36|1|0,00|0,00||112857,36|13542,88|0,00|0,00|0,00|1862,15|8577,16|||
|C170|1|101010001|SOJA EM GRAOS|52080,0000|KG|112857,36|0,00|0|000|2102|166|112857,36|12,00|13542,88|0,00|0,00|0,00|0|||0,00|0,00|0,00|56|112857,36|1,6500|0,00|0,0000|1862,15|56|112857,36|7,6000|0,00|0,0000|8577,16||0,00|
|C190|000|2102|12,00|112857,36|112857,36|13542,88|0,00|0,00|0|00,00||
|C100|0|1|017305500003900|55|00|1|940|35260201730550000390550010000009401003727921|13022026|16022026|111773,86|1|0,00||111773,86|1|0,00|0,00||111773,86|13412,86|0,00|0,00|0,00|1844,27|8494,81|||
|C170|1|101010001|SOJA EM GRAOS|51580,0000|KG|111773,86|0,00|0|000|2102|166|111773,86|12,00|13412,86|0,00|0,00|0,00|0|||0,00|0,00|0,00|56|111773,86|1,6500|0,00|0,0000|1844,27|56|111773,86|7,6000|0,00|0,0000|8494,81||0,00|
|C190|000|2102|12,00|111773,86|111773,86|13412,86|0,00|0,00|0|00,00||
|C100|0|1|017305500003900|55|00|1|941|35260201730550000390550010000009411003727929|13022026|16022026|111427,14|1|0,00||111427,14|1|0,00|0,00||111427,14|13371,26|0,00|0,00|0,00|1838,55|8468,46|||
|C170|1|101010001|SOJA EM GRAOS|51420,0000|KG|111427,14|0,00|0|000|2102|166|111427,14|12,00|13371,26|0,00|0,00|0,00|0|||0,00|0,00|0,00|56|111427,14|1,6500|0,00|0,0000|1838,55|56|111427,14|7,6000|0,00|0,0000|8468,46||0,00|
|C190|000|2102|12,00|111427,14|111427,14|13371,26|0,00|0,00|0|00,00||
|C100|0|1|017305500003900|55|00|1|942|35260201730550000390550010000009421003727926|13022026|16022026|109216,80|1|0,00||109216,80|1|0,00|0,00||109216,80|13106,02|0,00|0,00|0,00|1802,08|8300,48|||
|C170|1|101010001|SOJA EM GRAOS|50400,0000|KG|109216,80|0,00|0|000|2102|166|109216,80|12,00|13106,02|0,00|0,00|0,00|0|||0,00|0,00|0,00|56|109216,80|1,6500|0,00|0,0000|1802,08|56|109216,80|7,6000|0,00|0,0000|8300,48||0,00|
|C190|000|2102|12,00|109216,80|109216,80|13106,02|0,00|0,00|0|00,00||
|C100|0|1|017305500003900|55|00|1|943|35260201730550000390550010000009431003727923|13022026|16022026|111037,08|1|0,00||111037,08|1|0,00|0,00||111037,08|13324,45|0,00|0,00|0,00|1832,11|8438,82|||
|C170|1|101010001|SOJA EM GRAOS|51240,0000|KG|111037,08|0,00|0|000|2102|166|111037,08|12,00|13324,45|0,00|0,00|0,00|0|||0,00|0,00|0,00|56|111037,08|1,6500|0,00|0,0000|1832,11|56|111037,08|7,6000|0,00|0,0000|8438,82||0,00|
|C190|000|2102|12,00|111037,08|111037,08|13324,45|0,00|0,00|0|00,00||
|C100|0|1|017305500003900|55|00|1|944|35260201730550000390550010000009441003727920|13022026|16022026|111210,44|1|0,00||111210,44|1|0,00|0,00||111210,44|13345,25|0,00|0,00|0,00|1834,97|8451,99|||
|C170|1|101010001|SOJA EM GRAOS|51320,0000|KG|111210,44|0,00|0|000|2102|166|111210,44|12,00|13345,25|0,00|0,00|0,00|0|||0,00|0,00|0,00|56|111210,44|1,6500|0,00|0,0000|1834,97|56|111210,44|7,6000|0,00|0,0000|8451,99||0,00|
|C190|000|2102|12,00|111210,44|111210,44|13345,25|0,00|0,00|0|00,00||
|C100|0|1|017305500003900|55|00|1|945|35260201730550000390550010000009451003727928|13022026|16022026|109000,10|1|0,00||109000,10|1|0,00|0,00||109000,10|13080,01|0,00|0,00|0,00|1798,50|8284,01|||
|C170|1|101010001|SOJA EM GRAOS|50300,0000|KG|109000,10|0,00|0|000|2102|166|109000,10|12,00|13080,01|0,00|0,00|0,00|0|||0,00|0,00|0,00|56|109000,10|1,6500|0,00|0,0000|1798,50|56|109000,10|7,6000|0,00|0,0000|8284,01||0,00|
|C190|000|2102|12,00|109000,10|109000,10|13080,01|0,00|0,00|0|00,00||
|C100|0|1|017305500003900|55|00|1|946|35260201730550000390550010000009461003727925|13022026|16022026|114070,88|1|0,00||114070,88|1|0,00|0,00||114070,88|13688,51|0,00|0,00|0,00|1882,17|8669,39|||
|C170|1|101010001|SOJA EM GRAOS|52640,0000|KG|114070,88|0,00|0|000|2102|166|114070,88|12,00|13688,51|0,00|0,00|0,00|0|||0,00|0,00|0,00|56|114070,88|1,6500|0,00|0,0000|1882,17|56|114070,88|7,6000|0,00|0,0000|8669,39||0,00|
|C190|000|2102|12,00|114070,88|114070,88|13688,51|0,00|0,00|0|00,00||
|C100|0|1|017305500003900|55|00|1|947|35260201730550000390550010000009471003727922|18022026|23022026|112423,96|1|0,00||112423,96|0|0,00|0,00||112423,96|13490,88|0,00|0,00|0,00|1855,00|8544,22|||
|C170|1|101010001|SOJA EM GRAOS|51880,0000|KG|112423,96|0,00|0|000|2102|166|112423,96|12,00|13490,88|0,00|0,00|0,00|0|||0,00|0,00|0,00|56|112423,96|1,6500|0,00|0,0000|1855,00|56|112423,96|7,6000|0,00|0,0000|8544,22||0,00|
|C190|000|2102|12,00|112423,96|112423,96|13490,88|0,00|0,00|0|00,00||
|C100|0|1|017305500003900|55|00|1|948|35260201730550000390550010000009481003727920|18022026|23022026|113377,44|1|0,00||113377,44|0|0,00|0,00||113377,44|13605,29|0,00|0,00|0,00|1870,73|8616,69|||
|C170|1|101010001|SOJA EM GRAOS|52320,0000|KG|113377,44|0,00|0|000|2102|166|113377,44|12,00|13605,29|0,00|0,00|0,00|0|||0,00|0,00|0,00|56|113377,44|1,6500|0,00|0,0000|1870,73|56|113377,44|7,6000|0,00|0,0000|8616,69||0,00|
|C190|000|2102|12,00|113377,44|113377,44|13605,29|0,00|0,00|0|00,00||
|C100|0|1|017305500003900|55|00|1|949|35260201730550000390550010000009491003727927|18022026|23022026|109866,90|1|0,00||109866,90|0|0,00|0,00||109866,90|13184,03|0,00|0,00|0,00|1812,80|8349,88|||
|C170|1|101010001|SOJA EM GRAOS|50700,0000|KG|109866,90|0,00|0|000|2102|166|109866,90|12,00|13184,03|0,00|0,00|0,00|0|||0,00|0,00|0,00|56|109866,90|1,6500|0,00|0,0000|1812,80|56|109866,90|7,6000|0,00|0,0000|8349,88||0,00|
|C190|000|2102|12,00|109866,90|109866,90|13184,03|0,00|0,00|0|00,00||
|C100|0|1|017305500003900|55|00|1|950|35260201730550000390550010000009501003727928|18022026|23022026|111340,46|1|0,00||111340,46|0|0,00|0,00||111340,46|13360,86|0,00|0,00|0,00|1837,12|8461,87|||
|C170|1|101010001|SOJA EM GRAOS|51380,0000|KG|111340,46|0,00|0|000|2102|166|111340,46|12,00|13360,86|0,00|0,00|0,00|0|||0,00|0,00|0,00|56|111340,46|1,6500|0,00|0,0000|1837,12|56|111340,46|7,6000|0,00|0,0000|8461,87||0,00|
|C190|000|2102|12,00|111340,46|111340,46|13360,86|0,00|0,00|0|00,00||
|C100|0|1|017305500003900|55|00|1|951|35260201730550000390550010000009511003727925|18022026|23022026|114677,64|1|0,00||114677,64|0|0,00|0,00||114677,64|13761,32|0,00|0,00|0,00|1892,18|8715,50|||
|C170|1|101010001|SOJA EM GRAOS|52920,0000|KG|114677,64|0,00|0|000|2102|166|114677,64|12,00|13761,32|0,00|0,00|0,00|0|||0,00|0,00|0,00|56|114677,64|1,6500|0,00|0,0000|1892,18|56|114677,64|7,6000|0,00|0,0000|8715,50||0,00|
|C190|000|2102|12,00|114677,64|114677,64|13761,32|0,00|0,00|0|00,00||
|C100|0|1|017305500003900|55|00|1|952|35260201730550000390550010000009521003727922|18022026|23022026|112250,60|1|0,00||112250,60|0|0,00|0,00||112250,60|13470,07|0,00|0,00|0,00|1852,13|8531,05|||
|C170|1|101010001|SOJA EM GRAOS|51800,0000|KG|112250,60|0,00|0|000|2102|166|112250,60|12,00|13470,07|0,00|0,00|0,00|0|||0,00|0,00|0,00|56|112250,60|1,6500|0,00|0,0000|1852,13|56|112250,60|7,6000|0,00|0,0000|8531,05||0,00|
|C190|000|2102|12,00|112250,60|112250,60|13470,07|0,00|0,00|0|00,00||
|C100|0|1|017305500003900|55|00|1|953|35260201730550000390550010000009531003727920|18022026|23022026|108826,74|1|0,00||108826,74|0|0,00|0,00||108826,74|13059,21|0,00|0,00|0,00|1795,64|8270,83|||
|C170|1|101010001|SOJA EM GRAOS|50220,0000|KG|108826,74|0,00|0|000|2102|166|108826,74|12,00|13059,21|0,00|0,00|0,00|0|||0,00|0,00|0,00|56|108826,74|1,6500|0,00|0,0000|1795,64|56|108826,74|7,6000|0,00|0,0000|8270,83||0,00|
|C190|000|2102|12,00|108826,74|108826,74|13059,21|0,00|0,00|0|00,00||
|C100|0|1|017305500003900|55|00|1|954|35260201730550000390550010000009541003727927|18022026|23022026|110907,06|1|0,00||110907,06|0|0,00|0,00||110907,06|13308,85|0,00|0,00|0,00|1829,97|8428,94|||
|C170|1|101010001|SOJA EM GRAOS|51180,0000|KG|110907,06|0,00|0|000|2102|166|110907,06|12,00|13308,85|0,00|0,00|0,00|0|||0,00|0,00|0,00|56|110907,06|1,6500|0,00|0,0000|1829,97|56|110907,06|7,6000|0,00|0,0000|8428,94||0,00|
|C190|000|2102|12,00|110907,06|110907,06|13308,85|0,00|0,00|0|00,00||
|C100|0|1|017305500003900|55|00|1|955|35260201730550000390550010000009551003727924|18022026|23022026|110256,96|1|0,00||110256,96|0|0,00|0,00||110256,96|13230,84|0,00|0,00|0,00|1819,24|8379,53|||
|C170|1|101010001|SOJA EM GRAOS|50880,0000|KG|110256,96|0,00|0|000|2102|166|110256,96|12,00|13230,84|0,00|0,00|0,00|0|||0,00|0,00|0,00|56|110256,96|1,6500|0,00|0,0000|1819,24|56|110256,96|7,6000|0,00|0,0000|8379,53||0,00|
|C190|000|2102|12,00|110256,96|110256,96|13230,84|0,00|0,00|0|00,00||
|C100|0|1|017305500003900|55|00|1|956|35260201730550000390550010000009561003727921|19022026|23022026|110126,94|1|0,00||110126,94|0|0,00|0,00||110126,94|13215,23|0,00|0,00|0,00|1817,09|8369,65|||
|C170|1|101010001|SOJA EM GRAOS|50820,0000|KG|110126,94|0,00|0|000|2102|166|110126,94|12,00|13215,23|0,00|0,00|0,00|0|||0,00|0,00|0,00|56|110126,94|1,6500|0,00|0,0000|1817,09|56|110126,94|7,6000|0,00|0,0000|8369,65||0,00|
|C190|000|2102|12,00|110126,94|110126,94|13215,23|0,00|0,00|0|00,00||
|C100|0|1|017305500003900|55|00|1|957|35260201730550000390550010000009571003727929|19022026|23022026|114417,60|1|0,00||114417,60|0|0,00|0,00||114417,60|13730,11|0,00|0,00|0,00|1887,89|8695,74|||
|C170|1|101010001|SOJA EM GRAOS|52800,0000|KG|114417,60|0,00|0|000|2102|166|114417,60|12,00|13730,11|0,00|0,00|0,00|0|||0,00|0,00|0,00|56|114417,60|1,6500|0,00|0,0000|1887,89|56|114417,60|7,6000|0,00|0,0000|8695,74||0,00|
|C190|000|2102|12,00|114417,60|114417,60|13730,11|0,00|0,00|0|00,00||
|C100|0|1|017305500003900|55|00|1|958|35260201730550000390550010000009581003727926|19022026|23022026|114764,32|1|0,00||114764,32|0|0,00|0,00||114764,32|13771,72|0,00|0,00|0,00|1893,61|8722,09|||
|C170|1|101010001|SOJA EM GRAOS|52960,0000|KG|114764,32|0,00|0|000|2102|166|114764,32|12,00|13771,72|0,00|0,00|0,00|0|||0,00|0,00|0,00|56|114764,32|1,6500|0,00|0,0000|1893,61|56|114764,32|7,6000|0,00|0,0000|8722,09||0,00|
|C190|000|2102|12,00|114764,32|114764,32|13771,72|0,00|0,00|0|00,00||
|C100|0|1|017305500003900|55|00|1|959|35260201730550000390550010000009591003727923|19022026|23022026|109996,92|1|0,00||109996,92|0|0,00|0,00||109996,92|13199,63|0,00|0,00|0,00|1814,95|8359,77|||
|C170|1|101010001|SOJA EM GRAOS|50760,0000|KG|109996,92|0,00|0|000|2102|166|109996,92|12,00|13199,63|0,00|0,00|0,00|0|||0,00|0,00|0,00|56|109996,92|1,6500|0,00|0,0000|1814,95|56|109996,92|7,6000|0,00|0,0000|8359,77||0,00|
|C190|000|2102|12,00|109996,92|109996,92|13199,63|0,00|0,00|0|00,00||
|C100|0|1|017305500003900|55|00|1|960|35260201730550000390550010000009601003727924|19022026|23022026|111427,14|1|0,00||111427,14|0|0,00|0,00||111427,14|13371,26|0,00|0,00|0,00|1838,55|8468,46|||
|C170|1|101010001|SOJA EM GRAOS|51420,0000|KG|111427,14|0,00|0|000|2102|166|111427,14|12,00|13371,26|0,00|0,00|0,00|0|||0,00|0,00|0,00|56|111427,14|1,6500|0,00|0,0000|1838,55|56|111427,14|7,6000|0,00|0,0000|8468,46||0,00|
|C190|000|2102|12,00|111427,14|111427,14|13371,26|0,00|0,00|0|00,00||
|C100|0|1|017305500003900|55|00|1|961|35260201730550000390550010000009611003727921|19022026|23022026|110170,28|1|0,00||110170,28|0|0,00|0,00||110170,28|13220,43|0,00|0,00|0,00|1817,81|8372,94|||
|C170|1|101010001|SOJA EM GRAOS|50840,0000|KG|110170,28|0,00|0|000|2102|166|110170,28|12,00|13220,43|0,00|0,00|0,00|0|||0,00|0,00|0,00|56|110170,28|1,6500|0,00|0,0000|1817,81|56|110170,28|7,6000|0,00|0,0000|8372,94||0,00|
|C190|000|2102|12,00|110170,28|110170,28|13220,43|0,00|0,00|0|00,00||
|C100|0|1|017305500003900|55|00|1|962|35260201730550000390550010000009621003727929|19022026|23022026|112077,24|1|0,00||112077,24|0|0,00|0,00||112077,24|13449,27|0,00|0,00|0,00|1849,27|8517,87|||
|C170|1|101010001|SOJA EM GRAOS|51720,0000|KG|112077,24|0,00|0|000|2102|166|112077,24|12,00|13449,27|0,00|0,00|0,00|0|||0,00|0,00|0,00|56|112077,24|1,6500|0,00|0,0000|1849,27|56|112077,24|7,6000|0,00|0,0000|8517,87||0,00|
|C190|000|2102|12,00|112077,24|112077,24|13449,27|0,00|0,00|0|00,00||
|C100|0|1|017305500003900|55|00|1|963|35260201730550000390550010000009631003727926|19022026|23022026|113810,84|1|0,00||113810,84|0|0,00|0,00||113810,84|13657,30|0,00|0,00|0,00|1877,88|8649,62|||
|C170|1|101010001|SOJA EM GRAOS|52520,0000|KG|113810,84|0,00|0|000|2102|166|113810,84|12,00|13657,30|0,00|0,00|0,00|0|||0,00|0,00|0,00|56|113810,84|1,6500|0,00|0,0000|1877,88|56|113810,84|7,6000|0,00|0,0000|8649,62||0,00|
|C190|000|2102|12,00|113810,84|113810,84|13657,30|0,00|0,00|0|00,00||
|C100|0|1|017305500003900|55|00|1|964|35260201730550000390550010000009641003727923|19022026|23022026|112380,62|1|0,00||112380,62|0|0,00|0,00||112380,62|13485,67|0,00|0,00|0,00|1854,28|8540,93|||
|C170|1|101010001|SOJA EM GRAOS|51860,0000|KG|112380,62|0,00|0|000|2102|166|112380,62|12,00|13485,67|0,00|0,00|0,00|0|||0,00|0,00|0,00|56|112380,62|1,6500|0,00|0,0000|1854,28|56|112380,62|7,6000|0,00|0,0000|8540,93||0,00|
|C190|000|2102|12,00|112380,62|112380,62|13485,67|0,00|0,00|0|00,00||
|C100|0|1|017305500003900|55|00|1|965|35260201730550000390550010000009651003727920|19022026|26022026|110343,64|1|0,00||110343,64|0|0,00|0,00||110343,64|13241,24|0,00|0,00|0,00|1820,67|8386,12|||
|C170|1|101010001|SOJA EM GRAOS|50920,0000|KG|110343,64|0,00|0|000|2102|166|110343,64|12,00|13241,24|0,00|0,00|0,00|0|||0,00|0,00|0,00|56|110343,64|1,6500|0,00|0,0000|1820,67|56|110343,64|7,6000|0,00|0,0000|8386,12||0,00|
|C190|000|2102|12,00|110343,64|110343,64|13241,24|0,00|0,00|0|00,00||
|C100|0|1|017305500003900|55|00|1|966|35260201730550000390550010000009661003727928|19022026|26022026|109086,78|1|0,00||109086,78|0|0,00|0,00||109086,78|13090,41|0,00|0,00|0,00|1799,93|8290,60|||
|C170|1|101010001|SOJA EM GRAOS|50340,0000|KG|109086,78|0,00|0|000|2102|166|109086,78|12,00|13090,41|0,00|0,00|0,00|0|||0,00|0,00|0,00|56|109086,78|1,6500|0,00|0,0000|1799,93|56|109086,78|7,6000|0,00|0,0000|8290,60||0,00|
|C190|000|2102|12,00|109086,78|109086,78|13090,41|0,00|0,00|0|00,00||
|C100|0|1|017305500003900|55|00|1|967|35260201730550000390550010000009671003727925|19022026|26022026|114330,92|1|0,00||114330,92|0|0,00|0,00||114330,92|13719,71|0,00|0,00|0,00|1886,46|8689,15|||
|C170|1|101010001|SOJA EM GRAOS|52760,0000|KG|114330,92|0,00|0|000|2102|166|114330,92|12,00|13719,71|0,00|0,00|0,00|0|||0,00|0,00|0,00|56|114330,92|1,6500|0,00|0,0000|1886,46|56|114330,92|7,6000|0,00|0,0000|8689,15||0,00|
|C190|000|2102|12,00|114330,92|114330,92|13719,71|0,00|0,00|0|00,00||
|C100|0|1|017305500003900|55|00|1|968|35260201730550000390550010000009681003727922|19022026|26022026|108870,08|1|0,00||108870,08|0|0,00|0,00||108870,08|13064,41|0,00|0,00|0,00|1796,36|8274,13|||
|C170|1|101010001|SOJA EM GRAOS|50240,0000|KG|108870,08|0,00|0|000|2102|166|108870,08|12,00|13064,41|0,00|0,00|0,00|0|||0,00|0,00|0,00|56|108870,08|1,6500|0,00|0,0000|1796,36|56|108870,08|7,6000|0,00|0,0000|8274,13||0,00|
|C190|000|2102|12,00|108870,08|108870,08|13064,41|0,00|0,00|0|00,00||
|C100|0|1|017305500003900|55|00|1|969|35260201730550000390550010000009691003727920|20022026|26022026|112293,94|1|0,00||112293,94|0|0,00|0,00||112293,94|13475,27|0,00|0,00|0,00|1852,85|8534,34|||
|C170|1|101010001|SOJA EM GRAOS|51820,0000|KG|112293,94|0,00|0|000|2102|166|112293,94|12,00|13475,27|0,00|0,00|0,00|0|||0,00|0,00|0,00|56|112293,94|1,6500|0,00|0,0000|1852,85|56|112293,94|7,6000|0,00|0,0000|8534,34||0,00|
|C190|000|2102|12,00|112293,94|112293,94|13475,27|0,00|0,00|0|00,00||
|C100|0|1|017305500003900|55|00|1|970|35260201730550000390550010000009701003727920|20022026|26022026|112163,92|1|0,00||112163,92|0|0,00|0,00||112163,92|13459,67|0,00|0,00|0,00|1850,70|8524,46|||
|C170|1|101010001|SOJA EM GRAOS|51760,0000|KG|112163,92|0,00|0|000|2102|166|112163,92|12,00|13459,67|0,00|0,00|0,00|0|||0,00|0,00|0,00|56|112163,92|1,6500|0,00|0,0000|1850,70|56|112163,92|7,6000|0,00|0,0000|8524,46||0,00|
|C190|000|2102|12,00|112163,92|112163,92|13459,67|0,00|0,00|0|00,00||
|C100|0|1|017305500003900|55|00|1|971|35260201730550000390550010000009711003727928|20022026|26022026|114157,56|1|0,00||114157,56|0|0,00|0,00||114157,56|13698,91|0,00|0,00|0,00|1883,60|8675,97|||
|C170|1|101010001|SOJA EM GRAOS|52680,0000|KG|114157,56|0,00|0|000|2102|166|114157,56|12,00|13698,91|0,00|0,00|0,00|0|||0,00|0,00|0,00|56|114157,56|1,6500|0,00|0,0000|1883,60|56|114157,56|7,6000|0,00|0,0000|8675,97||0,00|
|C190|000|2102|12,00|114157,56|114157,56|13698,91|0,00|0,00|0|00,00||
|C100|0|1|017305500003900|55|00|1|972|35260201730550000390550010000009721003727925|20022026|26022026|110690,36|1|0,00||110690,36|0|0,00|0,00||110690,36|13282,84|0,00|0,00|0,00|1826,39|8412,47|||
|C170|1|101010001|SOJA EM GRAOS|51080,0000|KG|110690,36|0,00|0|000|2102|166|110690,36|12,00|13282,84|0,00|0,00|0,00|0|||0,00|0,00|0,00|56|110690,36|1,6500|0,00|0,0000|1826,39|56|110690,36|7,6000|0,00|0,0000|8412,47||0,00|
|C190|000|2102|12,00|110690,36|110690,36|13282,84|0,00|0,00|0|00,00||
|C100|0|1|017305500003900|55|00|1|973|35260201730550000390550010000009731003727922|20022026|26022026|109303,48|1|0,00||109303,48|0|0,00|0,00||109303,48|13116,42|0,00|0,00|0,00|1803,51|8307,06|||
|C170|1|101010001|SOJA EM GRAOS|50440,0000|KG|109303,48|0,00|0|000|2102|166|109303,48|12,00|13116,42|0,00|0,00|0,00|0|||0,00|0,00|0,00|56|109303,48|1,6500|0,00|0,0000|1803,51|56|109303,48|7,6000|0,00|0,0000|8307,06||0,00|
|C190|000|2102|12,00|109303,48|109303,48|13116,42|0,00|0,00|0|00,00||
|C100|0|1|017305500003900|55|00|1|974|35260201730550000390550010000009741003727920|20022026|26022026|112293,94|1|0,00||112293,94|0|0,00|0,00||112293,94|13475,27|0,00|0,00|0,00|1852,85|8534,34|||
|C170|1|101010001|SOJA EM GRAOS|51820,0000|KG|112293,94|0,00|0|000|2102|166|112293,94|12,00|13475,27|0,00|0,00|0,00|0|||0,00|0,00|0,00|56|112293,94|1,6500|0,00|0,0000|1852,85|56|112293,94|7,6000|0,00|0,0000|8534,34||0,00|
|C190|000|2102|12,00|112293,94|112293,94|13475,27|0,00|0,00|0|00,00||
|C100|0|1|017305500003900|55|00|1|975|35260201730550000390550010000009751003727927|20022026|26022026|109650,20|1|0,00||109650,20|0|0,00|0,00||109650,20|13158,02|0,00|0,00|0,00|1809,23|8333,42|||
|C170|1|101010001|SOJA EM GRAOS|50600,0000|KG|109650,20|0,00|0|000|2102|166|109650,20|12,00|13158,02|0,00|0,00|0,00|0|||0,00|0,00|0,00|56|109650,20|1,6500|0,00|0,0000|1809,23|56|109650,20|7,6000|0,00|0,0000|8333,42||0,00|
|C190|000|2102|12,00|109650,20|109650,20|13158,02|0,00|0,00|0|00,00||
|C100|0|1|017305500003900|55|00|1|976|35260201730550000390550010000009761003727924|20022026|26022026|110647,02|1|0,00||110647,02|0|0,00|0,00||110647,02|13277,64|0,00|0,00|0,00|1825,68|8409,17|||
|C170|1|101010001|SOJA EM GRAOS|51060,0000|KG|110647,02|0,00|0|000|2102|166|110647,02|12,00|13277,64|0,00|0,00|0,00|0|||0,00|0,00|0,00|56|110647,02|1,6500|0,00|0,0000|1825,68|56|110647,02|7,6000|0,00|0,0000|8409,17||0,00|
|C190|000|2102|12,00|110647,02|110647,02|13277,64|0,00|0,00|0|00,00||
|C100|0|1|017305500003900|55|00|1|977|35260201730550000390550010000009771003727921|20022026|26022026|109043,44|1|0,00||109043,44|0|0,00|0,00||109043,44|13085,21|0,00|0,00|0,00|1799,22|8287,30|||
|C170|1|101010001|SOJA EM GRAOS|50320,0000|KG|109043,44|0,00|0|000|2102|166|109043,44|12,00|13085,21|0,00|0,00|0,00|0|||0,00|0,00|0,00|56|109043,44|1,6500|0,00|0,0000|1799,22|56|109043,44|7,6000|0,00|0,0000|8287,30||0,00|
|C190|000|2102|12,00|109043,44|109043,44|13085,21|0,00|0,00|0|00,00||
|C100|0|1|017305500003900|55|00|1|978|35260201730550000390550010000009781003727929|20022026|26022026|111210,44|1|0,00||111210,44|0|0,00|0,00||111210,44|13345,25|0,00|0,00|0,00|1834,97|8451,99|||
|C170|1|101010001|SOJA EM GRAOS|51320,0000|KG|111210,44|0,00|0|000|2102|166|111210,44|12,00|13345,25|0,00|0,00|0,00|0|||0,00|0,00|0,00|56|111210,44|1,6500|0,00|0,0000|1834,97|56|111210,44|7,6000|0,00|0,0000|8451,99||0,00|
|C190|000|2102|12,00|111210,44|111210,44|13345,25|0,00|0,00|0|00,00||
|C100|0|1|017305500003900|55|00|1|979|35260201730550000390550010000009791003727926|20022026|26022026|108783,40|1|0,00||108783,40|0|0,00|0,00||108783,40|13054,01|0,00|0,00|0,00|1794,93|8267,54|||
|C170|1|101010001|SOJA EM GRAOS|50200,0000|KG|108783,40|0,00|0|000|2102|166|108783,40|12,00|13054,01|0,00|0,00|0,00|0|||0,00|0,00|0,00|56|108783,40|1,6500|0,00|0,0000|1794,93|56|108783,40|7,6000|0,00|0,0000|8267,54||0,00|
|C190|000|2102|12,00|108783,40|108783,40|13054,01|0,00|0,00|0|00,00||
|C100|0|1|017305500003900|55|00|1|980|35260201730550000390550010000009801003727927|20022026|26022026|112510,64|1|0,00||112510,64|0|0,00|0,00||112510,64|13501,28|0,00|0,00|0,00|1856,43|8550,81|||
|C170|1|101010001|SOJA EM GRAOS|51920,0000|KG|112510,64|0,00|0|000|2102|166|112510,64|12,00|13501,28|0,00|0,00|0,00|0|||0,00|0,00|0,00|56|112510,64|1,6500|0,00|0,0000|1856,43|56|112510,64|7,6000|0,00|0,0000|8550,81||0,00|
|C190|000|2102|12,00|112510,64|112510,64|13501,28|0,00|0,00|0|00,00||
|C100|0|1|017305500003900|55|00|1|981|35260201730550000390550010000009811003727924|20022026|26022026|111600,50|1|0,00||111600,50|0|0,00|0,00||111600,50|13392,06|0,00|0,00|0,00|1841,41|8481,64|||
|C170|1|101010001|SOJA EM GRAOS|51500,0000|KG|111600,50|0,00|0|000|2102|166|111600,50|12,00|13392,06|0,00|0,00|0,00|0|||0,00|0,00|0,00|56|111600,50|1,6500|0,00|0,0000|1841,41|56|111600,50|7,6000|0,00|0,0000|8481,64||0,00|
|C190|000|2102|12,00|111600,50|111600,50|13392,06|0,00|0,00|0|00,00||
|C100|0|1|017305500003900|55|00|1|982|35260201730550000390550010000009821003727921|21022026|26022026|111557,16|1|0,00||111557,16|0|0,00|0,00||111557,16|13386,86|0,00|0,00|0,00|1840,69|8478,34|||
|C170|1|101010001|SOJA EM GRAOS|51480,0000|KG|111557,16|0,00|0|000|2102|166|111557,16|12,00|13386,86|0,00|0,00|0,00|0|||0,00|0,00|0,00|56|111557,16|1,6500|0,00|0,0000|1840,69|56|111557,16|7,6000|0,00|0,0000|8478,34||0,00|
|C190|000|2102|12,00|111557,16|111557,16|13386,86|0,00|0,00|0|00,00||
|C100|0|1|017305500003900|55|00|1|983|35260201730550000390550010000009831003727929|21022026|26022026|112467,30|1|0,00||112467,30|0|0,00|0,00||112467,30|13496,08|0,00|0,00|0,00|1855,71|8547,51|||
|C170|1|101010001|SOJA EM GRAOS|51900,0000|KG|112467,30|0,00|0|000|2102|166|112467,30|12,00|13496,08|0,00|0,00|0,00|0|||0,00|0,00|0,00|56|112467,30|1,6500|0,00|0,0000|1855,71|56|112467,30|7,6000|0,00|0,0000|8547,51||0,00|
|C190|000|2102|12,00|112467,30|112467,30|13496,08|0,00|0,00|0|00,00||
|C100|0|1|017305500003900|55|00|1|984|35260201730550000390550010000009841003727926|21022026|26022026|114807,66|1|0,00||114807,66|0|0,00|0,00||114807,66|13776,92|0,00|0,00|0,00|1894,33|8725,38|||
|C170|1|101010001|SOJA EM GRAOS|52980,0000|KG|114807,66|0,00|0|000|2102|166|114807,66|12,00|13776,92|0,00|0,00|0,00|0|||0,00|0,00|0,00|56|114807,66|1,6500|0,00|0,0000|1894,33|56|114807,66|7,6000|0,00|0,0000|8725,38||0,00|
|C190|000|2102|12,00|114807,66|114807,66|13776,92|0,00|0,00|0|00,00||
|C100|0|1|017305500003900|55|00|1|985|35260201730550000390550010000009851003727923|21022026|26022026|114894,34|1|0,00||114894,34|0|0,00|0,00||114894,34|13787,32|0,00|0,00|0,00|1895,76|8731,97|||
|C170|1|101010001|SOJA EM GRAOS|53020,0000|KG|114894,34|0,00|0|000|2102|166|114894,34|12,00|13787,32|0,00|0,00|0,00|0|||0,00|0,00|0,00|56|114894,34|1,6500|0,00|0,0000|1895,76|56|114894,34|7,6000|0,00|0,0000|8731,97||0,00|
|C190|000|2102|12,00|114894,34|114894,34|13787,32|0,00|0,00|0|00,00||
|C100|0|1|017305500003900|55|00|1|986|35260201730550000390550010000009861003727920|21022026|26022026|109563,52|1|0,00||109563,52|0|0,00|0,00||109563,52|13147,62|0,00|0,00|0,00|1807,80|8326,83|||
|C170|1|101010001|SOJA EM GRAOS|50560,0000|KG|109563,52|0,00|0|000|2102|166|109563,52|12,00|13147,62|0,00|0,00|0,00|0|||0,00|0,00|0,00|56|109563,52|1,6500|0,00|0,0000|1807,80|56|109563,52|7,6000|0,00|0,0000|8326,83||0,00|
|C190|000|2102|12,00|109563,52|109563,52|13147,62|0,00|0,00|0|00,00||
|C100|0|1|017305500003900|55|00|1|987|35260201730550000390550010000009871003727928|21022026|26022026|109303,48|1|0,00||109303,48|0|0,00|0,00||109303,48|13116,42|0,00|0,00|0,00|1803,51|8307,06|||
|C170|1|101010001|SOJA EM GRAOS|50440,0000|KG|109303,48|0,00|0|000|2102|166|109303,48|12,00|13116,42|0,00|0,00|0,00|0|||0,00|0,00|0,00|56|109303,48|1,6500|0,00|0,0000|1803,51|56|109303,48|7,6000|0,00|0,0000|8307,06||0,00|
|C190|000|2102|12,00|109303,48|109303,48|13116,42|0,00|0,00|0|00,00||
|C100|0|1|017305500003900|55|00|1|988|35260201730550000390550010000009881003727925|21022026|26022026|113854,18|1|0,00||113854,18|0|0,00|0,00||113854,18|13662,50|0,00|0,00|0,00|1878,59|8652,92|||
|C170|1|101010001|SOJA EM GRAOS|52540,0000|KG|113854,18|0,00|0|000|2102|166|113854,18|12,00|13662,50|0,00|0,00|0,00|0|||0,00|0,00|0,00|56|113854,18|1,6500|0,00|0,0000|1878,59|56|113854,18|7,6000|0,00|0,0000|8652,92||0,00|
|C190|000|2102|12,00|113854,18|113854,18|13662,50|0,00|0,00|0|00,00||
|C100|0|1|017305500003900|55|00|1|989|35260201730550000390550010000009891003727922|21022026|26022026|110950,40|1|0,00||110950,40|0|0,00|0,00||110950,40|13314,05|0,00|0,00|0,00|1830,68|8432,23|||
|C170|1|101010001|SOJA EM GRAOS|51200,0000|KG|110950,40|0,00|0|000|2102|166|110950,40|12,00|13314,05|0,00|0,00|0,00|0|||0,00|0,00|0,00|56|110950,40|1,6500|0,00|0,0000|1830,68|56|110950,40|7,6000|0,00|0,0000|8432,23||0,00|
|C190|000|2102|12,00|110950,40|110950,40|13314,05|0,00|0,00|0|00,00||
|C100|0|1|017305500003900|55|00|1|990|35260201730550000390550010000009901003727923|21022026|26022026|109866,90|1|0,00||109866,90|0|0,00|0,00||109866,90|13184,03|0,00|0,00|0,00|1812,80|8349,88|||
|C170|1|101010001|SOJA EM GRAOS|50700,0000|KG|109866,90|0,00|0|000|2102|166|109866,90|12,00|13184,03|0,00|0,00|0,00|0|||0,00|0,00|0,00|56|109866,90|1,6500|0,00|0,0000|1812,80|56|109866,90|7,6000|0,00|0,0000|8349,88||0,00|
|C190|000|2102|12,00|109866,90|109866,90|13184,03|0,00|0,00|0|00,00||
|C100|0|1|017305500003900|55|00|1|991|35260201730550000390550010000009911003727920|21022026|26022026|113247,42|1|0,00||113247,42|0|0,00|0,00||113247,42|13589,69|0,00|0,00|0,00|1868,58|8606,80|||
|C170|1|101010001|SOJA EM GRAOS|52260,0000|KG|113247,42|0,00|0|000|2102|166|113247,42|12,00|13589,69|0,00|0,00|0,00|0|||0,00|0,00|0,00|56|113247,42|1,6500|0,00|0,0000|1868,58|56|113247,42|7,6000|0,00|0,0000|8606,80||0,00|
|C190|000|2102|12,00|113247,42|113247,42|13589,69|0,00|0,00|0|00,00||
|C100|0|1|017305500003900|55|00|1|992|35260201730550000390550010000009921003727928|23022026|26022026|108913,42|1|0,00||108913,42|0|0,00|0,00||108913,42|13069,61|0,00|0,00|0,00|1797,07|8277,42|||
|C170|1|101010001|SOJA EM GRAOS|50260,0000|KG|108913,42|0,00|0|000|2102|166|108913,42|12,00|13069,61|0,00|0,00|0,00|0|||0,00|0,00|0,00|56|108913,42|1,6500|0,00|0,0000|1797,07|56|108913,42|7,6000|0,00|0,0000|8277,42||0,00|
|C190|000|2102|12,00|108913,42|108913,42|13069,61|0,00|0,00|0|00,00||
|C100|0|1|017305500003900|55|00|1|993|35260201730550000390550010000009931003727925|23022026|26022026|108870,08|1|0,00||108870,08|0|0,00|0,00||108870,08|13064,41|0,00|0,00|0,00|1796,36|8274,13|||
|C170|1|101010001|SOJA EM GRAOS|50240,0000|KG|108870,08|0,00|0|000|2102|166|108870,08|12,00|13064,41|0,00|0,00|0,00|0|||0,00|0,00|0,00|56|108870,08|1,6500|0,00|0,0000|1796,36|56|108870,08|7,6000|0,00|0,0000|8274,13||0,00|
|C190|000|2102|12,00|108870,08|108870,08|13064,41|0,00|0,00|0|00,00||
|C100|0|1|017305500003900|55|00|1|994|35260201730550000390550010000009941003727922|23022026|26022026|111253,78|1|0,00||111253,78|0|0,00|0,00||111253,78|13350,45|0,00|0,00|0,00|1835,69|8455,29|||
|C170|1|101010001|SOJA EM GRAOS|51340,0000|KG|111253,78|0,00|0|000|2102|166|111253,78|12,00|13350,45|0,00|0,00|0,00|0|||0,00|0,00|0,00|56|111253,78|1,6500|0,00|0,0000|1835,69|56|111253,78|7,6000|0,00|0,0000|8455,29||0,00|
|C190|000|2102|12,00|111253,78|111253,78|13350,45|0,00|0,00|0|00,00||
|C100|0|1|017305500003900|55|00|1|995|35260201730550000390550010000009951003727920|23022026|26022026|114504,28|1|0,00||114504,28|0|0,00|0,00||114504,28|13740,51|0,00|0,00|0,00|1889,32|8702,33|||
|C170|1|101010001|SOJA EM GRAOS|52840,0000|KG|114504,28|0,00|0|000|2102|166|114504,28|12,00|13740,51|0,00|0,00|0,00|0|||0,00|0,00|0,00|56|114504,28|1,6500|0,00|0,0000|1889,32|56|114504,28|7,6000|0,00|0,0000|8702,33||0,00|
|C190|000|2102|12,00|114504,28|114504,28|13740,51|0,00|0,00|0|00,00||
|C100|0|1|017305500003900|55|00|1|996|35260201730550000390550010000009961003727927|23022026|26022026|109693,54|1|0,00||109693,54|0|0,00|0,00||109693,54|13163,22|0,00|0,00|0,00|1809,94|8336,71|||
|C170|1|101010001|SOJA EM GRAOS|50620,0000|KG|109693,54|0,00|0|000|2102|166|109693,54|12,00|13163,22|0,00|0,00|0,00|0|||0,00|0,00|0,00|56|109693,54|1,6500|0,00|0,0000|1809,94|56|109693,54|7,6000|0,00|0,0000|8336,71||0,00|
|C190|000|2102|12,00|109693,54|109693,54|13163,22|0,00|0,00|0|00,00||
|C100|0|1|017305500003900|55|00|1|997|35260201730550000390550010000009971003727924|23022026|26022026|110170,28|1|0,00||110170,28|0|0,00|0,00||110170,28|13220,43|0,00|0,00|0,00|1817,81|8372,94|||
|C170|1|101010001|SOJA EM GRAOS|50840,0000|KG|110170,28|0,00|0|000|2102|166|110170,28|12,00|13220,43|0,00|0,00|0,00|0|||0,00|0,00|0,00|56|110170,28|1,6500|0,00|0,0000|1817,81|56|110170,28|7,6000|0,00|0,0000|8372,94||0,00|
|C190|000|2102|12,00|110170,28|110170,28|13220,43|0,00|0,00|0|00,00||
|C100|0|1|017305500003900|55|00|1|998|35260201730550000390550010000009981003727921|23022026|26022026|110820,38|1|0,00||110820,38|0|0,00|0,00||110820,38|13298,45|0,00|0,00|0,00|1828,54|8422,35|||
|C170|1|101010001|SOJA EM GRAOS|51140,0000|KG|110820,38|0,00|0|000|2102|166|110820,38|12,00|13298,45|0,00|0,00|0,00|0|||0,00|0,00|0,00|56|110820,38|1,6500|0,00|0,0000|1828,54|56|110820,38|7,6000|0,00|0,0000|8422,35||0,00|
|C190|000|2102|12,00|110820,38|110820,38|13298,45|0,00|0,00|0|00,00||
|C100|0|1|017305500003900|55|00|1|999|35260201730550000390550010000009991003727929|23022026|26022026|110170,28|1|0,00||110170,28|0|0,00|0,00||110170,28|13220,43|0,00|0,00|0,00|1817,81|8372,94|||
|C170|1|101010001|SOJA EM GRAOS|50840,0000|KG|110170,28|0,00|0|000|2102|166|110170,28|12,00|13220,43|0,00|0,00|0,00|0|||0,00|0,00|0,00|56|110170,28|1,6500|0,00|0,0000|1817,81|56|110170,28|7,6000|0,00|0,0000|8372,94||0,00|
|C190|000|2102|12,00|110170,28|110170,28|13220,43|0,00|0,00|0|00,00||
|C100|0|1|017305500003900|55|00|1|1000|35260201730550000390550010000010001003727921|23022026|26022026|112207,26|1|0,00||112207,26|0|0,00|0,00||112207,26|13464,87|0,00|0,00|0,00|1851,42|8527,75|||
|C170|1|101010001|SOJA EM GRAOS|51780,0000|KG|112207,26|0,00|0|000|2102|166|112207,26|12,00|13464,87|0,00|0,00|0,00|0|||0,00|0,00|0,00|56|112207,26|1,6500|0,00|0,0000|1851,42|56|112207,26|7,6000|0,00|0,0000|8527,75||0,00|
|C190|000|2102|12,00|112207,26|112207,26|13464,87|0,00|0,00|0|00,00||
|C100|0|1|017305500003900|55|00|1|1001|35260201730550000390550010000010011003727929|23022026|26022026|108696,72|1|0,00||108696,72|0|0,00|0,00||108696,72|13043,61|0,00|0,00|0,00|1793,50|8260,95|||
|C170|1|101010001|SOJA EM GRAOS|50160,0000|KG|108696,72|0,00|0|000|2102|166|108696,72|12,00|13043,61|0,00|0,00|0,00|0|||0,00|0,00|0,00|56|108696,72|1,6500|0,00|0,0000|1793,50|56|108696,72|7,6000|0,00|0,0000|8260,95||0,00|
|C190|000|2102|12,00|108696,72|108696,72|13043,61|0,00|0,00|0|00,00||
|C100|0|1|017305500003900|55|00|1|1002|35260201730550000390550010000010021003727926|23022026|26022026|112900,70|1|0,00||112900,70|0|0,00|0,00||112900,70|13548,08|0,00|0,00|0,00|1862,86|8580,45|||
|C170|1|101010001|SOJA EM GRAOS|52100,0000|KG|112900,70|0,00|0|000|2102|166|112900,70|12,00|13548,08|0,00|0,00|0,00|0|||0,00|0,00|0,00|56|112900,70|1,6500|0,00|0,0000|1862,86|56|112900,70|7,6000|0,00|0,0000|8580,45||0,00|
|C190|000|2102|12,00|112900,70|112900,70|13548,08|0,00|0,00|0|00,00||
|C100|0|1|017305500003900|55|00|1|1003|35260201730550000390550010000010031003727923|23022026|26022026|111687,18|1|0,00||111687,18|0|0,00|0,00||111687,18|13402,46|0,00|0,00|0,00|1842,84|8488,23|||
|C170|1|101010001|SOJA EM GRAOS|51540,0000|KG|111687,18|0,00|0|000|2102|166|111687,18|12,00|13402,46|0,00|0,00|0,00|0|||0,00|0,00|0,00|56|111687,18|1,6500|0,00|0,0000|1842,84|56|111687,18|7,6000|0,00|0,0000|8488,23||0,00|
|C190|000|2102|12,00|111687,18|111687,18|13402,46|0,00|0,00|0|00,00||
|C100|0|1|017305500003900|55|00|1|1004|35260201730550000390550010000010041003727920|23022026|26022026|111643,84|1|0,00||111643,84|0|0,00|0,00||111643,84|13397,26|0,00|0,00|0,00|1842,12|8484,93|||
|C170|1|101010001|SOJA EM GRAOS|51520,0000|KG|111643,84|0,00|0|000|2102|166|111643,84|12,00|13397,26|0,00|0,00|0,00|0|||0,00|0,00|0,00|56|111643,84|1,6500|0,00|0,0000|1842,12|56|111643,84|7,6000|0,00|0,0000|8484,93||0,00|
|C190|000|2102|12,00|111643,84|111643,84|13397,26|0,00|0,00|0|00,00||
|C100|0|1|017305500003900|55|00|1|1005|35260201730550000390550010000010051003727928|23022026|26022026|114374,26|1|0,00||114374,26|0|0,00|0,00||114374,26|13724,91|0,00|0,00|0,00|1887,18|8692,44|||
|C170|1|101010001|SOJA EM GRAOS|52780,0000|KG|114374,26|0,00|0|000|2102|166|114374,26|12,00|13724,91|0,00|0,00|0,00|0|||0,00|0,00|0,00|56|114374,26|1,6500|0,00|0,0000|1887,18|56|114374,26|7,6000|0,00|0,0000|8692,44||0,00|
|C190|000|2102|12,00|114374,26|114374,26|13724,91|0,00|0,00|0|00,00||
|C100|0|1|017305500003900|55|00|1|1006|35260201730550000390550010000010061003727925|23022026|26022026|112597,32|1|0,00||112597,32|0|0,00|0,00||112597,32|13511,68|0,00|0,00|0,00|1857,86|8557,40|||
|C170|1|101010001|SOJA EM GRAOS|51960,0000|KG|112597,32|0,00|0|000|2102|166|112597,32|12,00|13511,68|0,00|0,00|0,00|0|||0,00|0,00|0,00|56|112597,32|1,6500|0,00|0,0000|1857,86|56|112597,32|7,6000|0,00|0,0000|8557,40||0,00|
|C190|000|2102|12,00|112597,32|112597,32|13511,68|0,00|0,00|0|00,00||
|C100|0|1|017305500003900|55|00|1|1007|35260201730550000390550010000010071003727922|23022026|26022026|108870,08|1|0,00||108870,08|0|0,00|0,00||108870,08|13064,41|0,00|0,00|0,00|1796,36|8274,13|||
|C170|1|101010001|SOJA EM GRAOS|50240,0000|KG|108870,08|0,00|0|000|2102|166|108870,08|12,00|13064,41|0,00|0,00|0,00|0|||0,00|0,00|0,00|56|108870,08|1,6500|0,00|0,0000|1796,36|56|108870,08|7,6000|0,00|0,0000|8274,13||0,00|
|C190|000|2102|12,00|108870,08|108870,08|13064,41|0,00|0,00|0|00,00||
|C100|0|1|017305500003900|55|00|1|1008|35260201730550000390550010000010081003727920|23022026|26022026|109606,86|1|0,00||109606,86|0|0,00|0,00||109606,86|13152,82|0,00|0,00|0,00|1808,51|8330,12|||
|C170|1|101010001|SOJA EM GRAOS|50580,0000|KG|109606,86|0,00|0|000|2102|166|109606,86|12,00|13152,82|0,00|0,00|0,00|0|||0,00|0,00|0,00|56|109606,86|1,6500|0,00|0,0000|1808,51|56|109606,86|7,6000|0,00|0,0000|8330,12||0,00|
|C190|000|2102|12,00|109606,86|109606,86|13152,82|0,00|0,00|0|00,00||
|C100|0|1|017305500003900|55|00|1|1009|35260201730550000390550010000010091003727927|23022026|26022026|109693,54|1|0,00||109693,54|0|0,00|0,00||109693,54|13163,22|0,00|0,00|0,00|1809,94|8336,71|||
|C170|1|101010001|SOJA EM GRAOS|50620,0000|KG|109693,54|0,00|0|000|2102|166|109693,54|12,00|13163,22|0,00|0,00|0,00|0|||0,00|0,00|0,00|56|109693,54|1,6500|0,00|0,0000|1809,94|56|109693,54|7,6000|0,00|0,0000|8336,71||0,00|
|C190|000|2102|12,00|109693,54|109693,54|13163,22|0,00|0,00|0|00,00||
|C100|0|1|017305500003900|55|00|1|1010|35260201730550000390550010000010101003727928|23022026|26022026|110993,74|1|0,00||110993,74|0|0,00|0,00||110993,74|13319,25|0,00|0,00|0,00|1831,40|8435,52|||
|C170|1|101010001|SOJA EM GRAOS|51220,0000|KG|110993,74|0,00|0|000|2102|166|110993,74|12,00|13319,25|0,00|0,00|0,00|0|||0,00|0,00|0,00|56|110993,74|1,6500|0,00|0,0000|1831,40|56|110993,74|7,6000|0,00|0,0000|8435,52||0,00|
|C190|000|2102|12,00|110993,74|110993,74|13319,25|0,00|0,00|0|00,00||
|C100|0|1|017305500003900|55|00|1|1011|35260201730550000390550010000010111003727925|25022026|26022026|110083,60|1|0,00||110083,60|0|0,00|0,00||110083,60|13210,03|0,00|0,00|0,00|1816,38|8366,35|||
|C170|1|101010001|SOJA EM GRAOS|50800,0000|KG|110083,60|0,00|0|000|2102|166|110083,60|12,00|13210,03|0,00|0,00|0,00|0|||0,00|0,00|0,00|56|110083,60|1,6500|0,00|0,0000|1816,38|56|110083,60|7,6000|0,00|0,0000|8366,35||0,00|
|C190|000|2102|12,00|110083,60|110083,60|13210,03|0,00|0,00|0|00,00||
|C100|0|1|017305500003900|55|00|1|1012|35260201730550000390550010000010121003727922|25022026|26022026|111947,22|1|0,00||111947,22|0|0,00|0,00||111947,22|13433,67|0,00|0,00|0,00|1847,13|8507,99|||
|C170|1|101010001|SOJA EM GRAOS|51660,0000|KG|111947,22|0,00|0|000|2102|166|111947,22|12,00|13433,67|0,00|0,00|0,00|0|||0,00|0,00|0,00|56|111947,22|1,6500|0,00|0,0000|1847,13|56|111947,22|7,6000|0,00|0,0000|8507,99||0,00|
|C190|000|2102|12,00|111947,22|111947,22|13433,67|0,00|0,00|0|00,00||
|C100|0|1|017305500003900|55|00|1|1013|35260201730550000390550010000010131003727920|25022026|26022026|111297,12|1|0,00||111297,12|0|0,00|0,00||111297,12|13355,65|0,00|0,00|0,00|1836,40|8458,58|||
|C170|1|101010001|SOJA EM GRAOS|51360,0000|KG|111297,12|0,00|0|000|2102|166|111297,12|12,00|13355,65|0,00|0,00|0,00|0|||0,00|0,00|0,00|56|111297,12|1,6500|0,00|0,0000|1836,40|56|111297,12|7,6000|0,00|0,0000|8458,58||0,00|
|C190|000|2102|12,00|111297,12|111297,12|13355,65|0,00|0,00|0|00,00||
|C100|0|1|017305500003900|55|00|1|1014|35260201730550000390550010000010141003727927|25022026|26022026|110517,00|1|0,00||110517,00|0|0,00|0,00||110517,00|13262,04|0,00|0,00|0,00|1823,53|8399,29|||
|C170|1|101010001|SOJA EM GRAOS|51000,0000|KG|110517,00|0,00|0|000|2102|166|110517,00|12,00|13262,04|0,00|0,00|0,00|0|||0,00|0,00|0,00|56|110517,00|1,6500|0,00|0,0000|1823,53|56|110517,00|7,6000|0,00|0,0000|8399,29||0,00|
|C190|000|2102|12,00|110517,00|110517,00|13262,04|0,00|0,00|0|00,00||
|C100|0|1|017305500003900|55|00|1|1015|35260201730550000390550010000010151003727924|25022026|26022026|108696,72|1|0,00||108696,72|0|0,00|0,00||108696,72|13043,61|0,00|0,00|0,00|1793,50|8260,95|||
|C170|1|101010001|SOJA EM GRAOS|50160,0000|KG|108696,72|0,00|0|000|2102|166|108696,72|12,00|13043,61|0,00|0,00|0,00|0|||0,00|0,00|0,00|56|108696,72|1,6500|0,00|0,0000|1793,50|56|108696,72|7,6000|0,00|0,0000|8260,95||0,00|
|C190|000|2102|12,00|108696,72|108696,72|13043,61|0,00|0,00|0|00,00||
|C100|0|1|017305500003900|55|00|1|1016|35260201730550000390550010000010161003727921|25022026|26022026|112640,66|1|0,00||112640,66|0|0,00|0,00||112640,66|13516,88|0,00|0,00|0,00|1858,57|8560,69|||
|C170|1|101010001|SOJA EM GRAOS|51980,0000|KG|112640,66|0,00|0|000|2102|166|112640,66|12,00|13516,88|0,00|0,00|0,00|0|||0,00|0,00|0,00|56|112640,66|1,6500|0,00|0,0000|1858,57|56|112640,66|7,6000|0,00|0,0000|8560,69||0,00|
|C190|000|2102|12,00|112640,66|112640,66|13516,88|0,00|0,00|0|00,00||
|C100|0|1|017305500003900|55|00|1|1017|35260201730550000390550010000010171003727929|25022026|26022026|111557,16|1|0,00||111557,16|0|0,00|0,00||111557,16|13386,86|0,00|0,00|0,00|1840,69|8478,34|||
|C170|1|101010001|SOJA EM GRAOS|51480,0000|KG|111557,16|0,00|0|000|2102|166|111557,16|12,00|13386,86|0,00|0,00|0,00|0|||0,00|0,00|0,00|56|111557,16|1,6500|0,00|0,0000|1840,69|56|111557,16|7,6000|0,00|0,0000|8478,34||0,00|
|C190|000|2102|12,00|111557,16|111557,16|13386,86|0,00|0,00|0|00,00||
|C100|0|1|017305500003900|55|00|1|1018|35260201730550000390550010000010181003727926|26022026|26022026|110386,98|1|0,00||110386,98|0|0,00|0,00||110386,98|13246,44|0,00|0,00|0,00|1821,39|8389,41|||
|C170|1|101010001|SOJA EM GRAOS|50940,0000|KG|110386,98|0,00|0|000|2102|166|110386,98|12,00|13246,44|0,00|0,00|0,00|0|||0,00|0,00|0,00|56|110386,98|1,6500|0,00|0,0000|1821,39|56|110386,98|7,6000|0,00|0,0000|8389,41||0,00|
|C190|000|2102|12,00|110386,98|110386,98|13246,44|0,00|0,00|0|00,00||
|C100|0|1|017305500003900|55|00|1|1019|35260201730550000390550010000010191003727923|26022026|26022026|108826,74|1|0,00||108826,74|0|0,00|0,00||108826,74|13059,21|0,00|0,00|0,00|1795,64|8270,83|||
|C170|1|101010001|SOJA EM GRAOS|50220,0000|KG|108826,74|0,00|0|000|2102|166|108826,74|12,00|13059,21|0,00|0,00|0,00|0|||0,00|0,00|0,00|56|108826,74|1,6500|0,00|0,0000|1795,64|56|108826,74|7,6000|0,00|0,0000|8270,83||0,00|
|C190|000|2102|12,00|108826,74|108826,74|13059,21|0,00|0,00|0|00,00||
|C100|0|1|017305500003900|55|00|1|1020|35260201730550000390550010000010201003727924|26022026|26022026|109043,44|1|0,00||109043,44|0|0,00|0,00||109043,44|13085,21|0,00|0,00|0,00|1799,22|8287,30|||
|C170|1|101010001|SOJA EM GRAOS|50320,0000|KG|109043,44|0,00|0|000|2102|166|109043,44|12,00|13085,21|0,00|0,00|0,00|0|||0,00|0,00|0,00|56|109043,44|1,6500|0,00|0,0000|1799,22|56|109043,44|7,6000|0,00|0,0000|8287,30||0,00|
|C190|000|2102|12,00|109043,44|109043,44|13085,21|0,00|0,00|0|00,00||
|C100|0|1|017305500003900|55|00|1|1021|35260201730550000390550010000010211003727921|26022026|26022026|112163,92|1|0,00||112163,92|0|0,00|0,00||112163,92|13459,67|0,00|0,00|0,00|1850,70|8524,46|||
|C170|1|101010001|SOJA EM GRAOS|51760,0000|KG|112163,92|0,00|0|000|2102|166|112163,92|12,00|13459,67|0,00|0,00|0,00|0|||0,00|0,00|0,00|56|112163,92|1,6500|0,00|0,0000|1850,70|56|112163,92|7,6000|0,00|0,0000|8524,46||0,00|
|C190|000|2102|12,00|112163,92|112163,92|13459,67|0,00|0,00|0|00,00||
|C100|0|1|017305500003900|55|00|1|1022|35260201730550000390550010000010221003727929|26022026|26022026|109130,12|1|0,00||109130,12|0|0,00|0,00||109130,12|13095,61|0,00|0,00|0,00|1800,65|8293,89|||
|C170|1|101010001|SOJA EM GRAOS|50360,0000|KG|109130,12|0,00|0|000|2102|166|109130,12|12,00|13095,61|0,00|0,00|0,00|0|||0,00|0,00|0,00|56|109130,12|1,6500|0,00|0,0000|1800,65|56|109130,12|7,6000|0,00|0,0000|8293,89||0,00|
|C190|000|2102|12,00|109130,12|109130,12|13095,61|0,00|0,00|0|00,00||
|C100|0|1|017305500003900|55|00|1|1023|35260201730550000390550010000010231003727926|26022026|26022026|109520,18|1|0,00||109520,18|0|0,00|0,00||109520,18|13142,42|0,00|0,00|0,00|1807,08|8323,53|||
|C170|1|101010001|SOJA EM GRAOS|50540,0000|KG|109520,18|0,00|0|000|2102|166|109520,18|12,00|13142,42|0,00|0,00|0,00|0|||0,00|0,00|0,00|56|109520,18|1,6500|0,00|0,0000|1807,08|56|109520,18|7,6000|0,00|0,0000|8323,53||0,00|
|C190|000|2102|12,00|109520,18|109520,18|13142,42|0,00|0,00|0|00,00||
|C100|1|0|019177680001970|55|00|1|631|41260262780383000115550010000006311915651145|12022026|12022026|93343,07|1|0,00||93343,07|1|0,00|0,00||93343,07|11201,17|0,00|0,00|0,00|0,00|0,00|||
|C190|000|6102|12,00|93343,07|93343,07|11201,17|0,00|0,00|0|00,00||
|C100|1|0|019177680001970|55|00|1|652|41260262780383000115550010000006521106278009|14022026|14022026|94717,47|1|0,00||94717,47|1|0,00|0,00||94717,47|11366,10|0,00|0,00|0,00|0,00|0,00|||
|C190|000|6102|12,00|94717,47|94717,47|11366,10|0,00|0,00|0|00,00||
|C100|1|0|019177680001970|55|00|1|656|41260262780383000115550010000006561413466308|18022026|18022026|90081,76|1|0,00||90081,76|1|0,00|0,00||90081,76|10809,81|0,00|0,00|0,00|0,00|0,00|||
|C190|000|6102|12,00|90081,76|90081,76|10809,81|0,00|0,00|0|00,00||
|C100|1|0|019177680001970|55|00|1|657|41260262780383000115550010000006571454335604|18022026|18022026|87961,92|1|0,00||87961,92|1|0,00|0,00||87961,92|10555,43|0,00|0,00|0,00|0,00|0,00|||
|C190|000|6102|12,00|87961,92|87961,92|10555,43|0,00|0,00|0|00,00||
|C100|1|0|019177680001970|55|00|1|658|41260262780383000115550010000006581969434294|18022026|18022026|88264,76|1|0,00||88264,76|1|0,00|0,00||88264,76|10591,77|0,00|0,00|0,00|0,00|0,00|||
|C190|000|6102|12,00|88264,76|88264,76|10591,77|0,00|0,00|0|00,00||
|C100|1|0|019177680001970|55|00|1|693|41260262780383000115550010000006931182181420|22022026|22022026|90640,84|1|0,00||90640,84|1|0,00|0,00||90640,84|10876,90|0,00|0,00|0,00|0,00|0,00|||
|C190|000|6102|12,00|90640,84|90640,84|10876,90|0,00|0,00|0|00,00||
|C100|1|0|019177680001970|55|00|1|694|41260262780383000115550010000006941229189721|22022026|22022026|92970,35|1|0,00||92970,35|1|0,00|0,00||92970,35|11156,44|0,00|0,00|0,00|0,00|0,00|||
|C190|000|6102|12,00|92970,35|92970,35|11156,44|0,00|0,00|0|00,00||
|C100|1|0|019177680001970|55|00|1|695|41260262780383000115550010000006951238406877|23022026|23022026|93110,11|1|0,00||93110,11|1|0,00|0,00||93110,11|11173,21|0,00|0,00|0,00|0,00|0,00|||
|C190|000|6102|12,00|93110,11|93110,11|11173,21|0,00|0,00|0|00,00||
|C100|0|1|027795010002240|55|00|215|6922|41260202779501000224552150000069221001565590|10022026|16022026|318,28|1|0,00||318,28|0|0,00|0,00||0,00|0,00|0,00|0,00|0,00|5,25|24,19|||
|C170|1|904010005|COMBUSTIVEIS E LUBRIFICANTES|54,9710|UND|318,28|0,00|1|061|1653|9112|0,00|0,00|0,00|0,00|0,00|0,00|0|||0,00|0,00|0,00|50|318,28|1,6500|0,00|0,0000|5,25|50|318,28|7,6000|0,00|0,0000|24,19||0,00|
|C190|061|1653|0,00|318,28|0,00|0,00|0,00|0,00|0|00,00||
|C100|1|0|029878730004080|55|00|1|742|41260262780383000115550010000007421567445009|25022026|25022026|88111,29|1|0,00||88111,29|1|0,00|0,00||88111,29|10573,35|0,00|0,00|0,00|0,00|0,00|||
|C190|000|6102|12,00|88111,29|88111,29|10573,35|0,00|0,00|0|00,00||
|C100|1|0|029878730004080|55|00|1|779|41260262780383000115550010000007791121409118|26022026|26022026|87497,67|1|0,00||87497,67|1|0,00|0,00||87497,67|10499,72|0,00|0,00|0,00|0,00|0,00|||
|C190|000|6102|12,00|87497,67|87497,67|10499,72|0,00|0,00|0|00,00||
|C100|1|0|029878730004080|55|00|1|780|41260262780383000115550010000007801783345476|26022026|26022026|89179,44|1|0,00||89179,44|1|0,00|0,00||89179,44|10701,53|0,00|0,00|0,00|0,00|0,00|||
|C190|000|6102|12,00|89179,44|89179,44|10701,53|0,00|0,00|0|00,00||
|C100|1|0|029878730004080|55|00|1|797|41260262780383000115550010000007971134488877|26022026|26022026|72429,89|1|0,00||72429,89|1|0,00|0,00||72429,89|8691,59|0,00|0,00|0,00|0,00|0,00|||
|C190|000|6102|12,00|72429,89|72429,89|8691,59|0,00|0,00|0|00,00||
|C100|1|0|029878730004080|55|00|1|799|41260262780383000115550010000007991821383432|26022026|26022026|88134,01|1|0,00||88134,01|1|0,00|0,00||88134,01|10576,08|0,00|0,00|0,00|0,00|0,00|||
|C190|000|6102|12,00|88134,01|88134,01|10576,08|0,00|0,00|0|00,00||
|C100|1|0|029878730004080|55|00|1|811|41260262780383000115550010000008111341827805|27022026|27022026|90406,68|1|0,00||90406,68|1|0,00|0,00||90406,68|10848,80|0,00|0,00|0,00|0,00|0,00|||
|C190|000|6102|12,00|90406,68|90406,68|10848,80|0,00|0,00|0|00,00||
|C100|1|0|029878730004080|55|00|1|818|41260262780383000115550010000008181119087125|27022026|27022026|86179,52|1|0,00||86179,52|1|0,00|0,00||86179,52|10341,54|0,00|0,00|0,00|0,00|0,00|||
|C190|000|6102|12,00|86179,52|86179,52|10341,54|0,00|0,00|0|00,00||
|C100|1|0|029878730004080|55|00|1|854|41260262780383000115550010000008541958553400|28022026|28022026|73361,68|1|0,00||73361,68|1|0,00|0,00||73361,68|8803,40|0,00|0,00|0,00|0,00|0,00|||
|C190|000|6102|12,00|73361,68|73361,68|8803,40|0,00|0,00|0|00,00||
|C100|1|0|029903340006900|55|00|1|727|41260262780383000115550010000007271743985655|25022026|25022026|87159,09|1|0,00||87159,09|1|0,00|0,00||87159,09|10459,09|0,00|0,00|0,00|0,00|0,00|||
|C190|000|6102|12,00|87159,09|87159,09|10459,09|0,00|0,00|0|00,00||
|C100|1|0|029903340006900|55|00|1|741|41260262780383000115550010000007411023604016|25022026|25022026|87159,09|1|0,00||87159,09|1|0,00|0,00||87159,09|10459,09|0,00|0,00|0,00|0,00|0,00|||
|C190|000|6102|12,00|87159,09|87159,09|10459,09|0,00|0,00|0|00,00||
|C100|1|0|029903340006900|55|00|1|800|41260262780383000115550010000008001423411811|26022026|26022026|86712,12|1|0,00||86712,12|1|0,00|0,00||86712,12|10405,45|0,00|0,00|0,00|0,00|0,00|||
|C190|000|6102|12,00|86712,12|86712,12|10405,45|0,00|0,00|0|00,00||
|C100|0|1|030610069071|55|00|26|290120001|41260100003061006907550262901200013697128780|29012026|04022026|70200,00|1|0,00||70200,00|1|0,00|0,00||0,00|0,00|0,00|0,00|0,00|347,49|1600,56|||
|C170|1|101010001|SOJA EM GRAOS|36000,0000|KG|70200,00|0,00|0|051|1102|19|0,00|0,00|0,00|0,00|0,00|0,00|0|||0,00|0,00|0,00|60|70200,00|0,4950|0,00|0,0000|347,49|60|70200,00|2,2800|0,00|0,0000|1600,56||0,00|
|C190|051|1102|0,00|70200,00|0,00|0,00|0,00|0,00|0|00,00||
|C100|0|1|040411870001220|55|00|1|4608|41260204041187000122550010000046081112727121|04022026|06022026|5632,50|1|0,00||5632,50|0|0,00|0,00||0,00|0,00|0,00|0,00|0,00|0,00|0,00|||
|C170|1|901010039|UNIFORME|111,0000|UND|5632,50|0,00|1|090|1556|9151|0,00|0,00|0,00|0,00|0,00|0,00|0|||0,00|0,00|0,00|70|0,00|0,0000|0,00|0,0000|0,00|70|0,00|0,0000|0,00|0,0000|0,00||0,00|
|C190|090|1556|0,00|5632,50|0,00|0,00|0,00|0,00|0|00,00||
|C100|0|1|052034670002330|55|00|5|38383|41260205203467000233550050000383831375907762|20022026|23022026|250,01|1|0,00||250,01|0|0,00|0,00||0,00|0,00|0,00|0,00|0,00|4,13|19,00|||
|C170|1|904010005|COMBUSTIVEIS E LUBRIFICANTES|43,9385|UND|250,01|0,00|1|061|1653|9112|0,00|0,00|0,00|0,00|0,00|0,00|0|||0,00|0,00|0,00|50|250,01|1,6500|0,00|0,0000|4,13|50|250,01|7,6000|0,00|0,0000|19,00||0,00|
|C190|061|1653|0,00|250,01|0,00|0,00|0,00|0,00|0|00,00||
|C100|0|1|054318491900|55|08|890|3727118|41260278393592000146558900037271181297580771|04022026|05022026|31590,00|1|0,00||31590,00|1|0,00|0,00||0,00|0,00|0,00|0,00|0,00|156,37|720,25|||
|C170|1|101010001|SOJA EM GRAOS|16200,0000|KG|31590,00|0,00|0|051|1102|11|0,00|0,00|0,00|0,00|0,00|0,00|0|||0,00|0,00|0,00|60|31590,00|0,4950|0,00|0,0000|156,37|60|31590,00|2,2800|0,00|0,0000|720,25||0,00|
|C190|051|1102|0,00|31590,00|0,00|0,00|0,00|0,00|0|00,00||
|C100|0|0|070364210001110|55|00|2|30|41260262780383000115550020000000301392684848|19022026|19022026|95220,85|1|0,00||95220,85|1|0,00|0,00||95220,85|11426,50|0,00|0,00|0,00|0,00|0,00|||
|C190|000|2202|12,00|95220,85|95220,85|11426,50|0,00|0,00|0|00,00||
|C100|0|1|070364210001110|55|00|1|24883|43260207036421000111550010000248831000249486|09022026|19022026|284,12|1|0,00||284,12|1|0,00|0,00||284,12|34,09|0,00|0,00|0,00|0,00|0,00|||
|C170|1|101010001|SOJA EM GRAOS|120,0000|KG|284,12|0,00|0|000|2202|214|284,12|12,00|34,09|0,00|0,00|0,00|0|||0,00|0,00|0,00|98|0,00|0,0000|0,00|0,0000|0,00|98|0,00|0,0000|0,00|0,0000|0,00||0,00|
|C190|000|2202|12,00|284,12|284,12|34,09|0,00|0,00|0|00,00||
|C100|0|1|070364210001110|55|00|1|24895|43260207036421000111550010000248951000249606|09022026|19022026|686,58|1|0,00||686,58|1|0,00|0,00||686,58|82,39|0,00|0,00|0,00|0,00|0,00|||
|C170|1|101010001|SOJA EM GRAOS|290,0000|KG|686,58|0,00|0|000|2202|214|686,58|12,00|82,39|0,00|0,00|0,00|0|||0,00|0,00|0,00|98|0,00|0,0000|0,00|0,0000|0,00|98|0,00|0,0000|0,00|0,0000|0,00||0,00|
|C190|000|2202|12,00|686,58|686,58|82,39|0,00|0,00|0|00,00||
|C100|0|1|070364210001110|55|00|1|25034|43260207036421000111550010000250341000250995|11022026|19022026|970,67|1|0,00||970,67|1|0,00|0,00||970,67|116,48|0,00|0,00|0,00|0,00|0,00|||
|C170|1|101010001|SOJA EM GRAOS|410,0000|KG|970,67|0,00|0|000|2202|214|970,67|12,00|116,48|0,00|0,00|0,00|0|||0,00|0,00|0,00|98|0,00|0,0000|0,00|0,0000|0,00|98|0,00|0,0000|0,00|0,0000|0,00||0,00|
|C190|000|2202|12,00|970,67|970,67|116,48|0,00|0,00|0|00,00||
|C100|0|1|070364210001110|55|00|1|25435|43260207036421000111550010000254351000255007|23022026|25022026|118,37|1|0,00||118,37|1|0,00|0,00||118,37|14,20|0,00|0,00|0,00|0,00|0,00|||
|C170|1|101010001|SOJA EM GRAOS|50,0000|KG|118,37|0,00|0|000|2202|214|118,37|12,00|14,20|0,00|0,00|0,00|0|||0,00|0,00|0,00|98|0,00|0,0000|0,00|0,0000|0,00|98|0,00|0,0000|0,00|0,0000|0,00||0,00|
|C190|000|2202|12,00|118,37|118,37|14,20|0,00|0,00|0|00,00||
|C100|1|0|070364210001110|55|00|1|574|41260262780383000115550010000005741563277627|04022026|04022026|95031,45|1|0,00||95031,45|1|0,00|0,00||95031,45|11403,77|0,00|0,00|0,00|0,00|0,00|||
|C190|000|6102|12,00|95031,45|95031,45|11403,77|0,00|0,00|0|00,00||
|C100|1|0|070364210001110|55|00|1|576|41260262780383000115550010000005761493432909|04022026|04022026|89870,30|1|0,00||89870,30|1|0,00|0,00||89870,30|10784,44|0,00|0,00|0,00|0,00|0,00|||
|C190|000|6102|12,00|89870,30|89870,30|10784,44|0,00|0,00|0|00,00||
|C100|1|0|070364210001110|55|00|1|577|41260262780383000115550010000005771715816314|04022026|04022026|75665,30|1|0,00||75665,30|1|0,00|0,00||75665,30|9079,84|0,00|0,00|0,00|0,00|0,00|||
|C190|000|6102|12,00|75665,30|75665,30|9079,84|0,00|0,00|0|00,00||
|C100|1|0|070364210001110|55|00|1|581|41260262780383000115550010000005811011628211|05022026|05022026|92379,85|1|0,00||92379,85|1|0,00|0,00||92379,85|11085,58|0,00|0,00|0,00|0,00|0,00|||
|C190|000|6102|12,00|92379,85|92379,85|11085,58|0,00|0,00|0|00,00||
|C100|1|0|070364210001110|55|00|1|582|41260262780383000115550010000005821238985130|05022026|05022026|93705,65|1|0,00||93705,65|1|0,00|0,00||93705,65|11244,68|0,00|0,00|0,00|0,00|0,00|||
|C190|000|6102|12,00|93705,65|93705,65|11244,68|0,00|0,00|0|00,00||
|C100|1|0|070364210001110|55|00|1|583|41260262780383000115550010000005831256147555|05022026|05022026|95789,05|1|0,00||95789,05|1|0,00|0,00||95789,05|11494,69|0,00|0,00|0,00|0,00|0,00|||
|C190|000|6102|12,00|95789,05|95789,05|11494,69|0,00|0,00|0|00,00||
|C100|1|0|070364210001110|55|00|1|584|41260262780383000115550010000005841390245431|05022026|05022026|91030,37|1|0,00||91030,37|1|0,00|0,00||91030,37|10923,64|0,00|0,00|0,00|0,00|0,00|||
|C190|000|6102|12,00|91030,37|91030,37|10923,64|0,00|0,00|0|00,00||
|C100|1|0|070364210001110|55|00|1|585|41260262780383000115550010000005851707264024|05022026|05022026|90107,05|1|0,00||90107,05|1|0,00|0,00||90107,05|10812,85|0,00|0,00|0,00|0,00|0,00|||
|C190|000|6102|12,00|90107,05|90107,05|10812,85|0,00|0,00|0|00,00||
|C100|1|0|070364210001110|55|00|1|587|41260262780383000115550010000005871722108911|06022026|06022026|96783,40|1|0,00||96783,40|1|0,00|0,00||96783,40|11614,01|0,00|0,00|0,00|0,00|0,00|||
|C190|000|6102|12,00|96783,40|96783,40|11614,01|0,00|0,00|0|00,00||
|C100|1|0|070364210001110|55|00|1|601|41260262780383000115550010000006011411726444|10022026|10022026|91906,35|1|0,00||91906,35|1|0,00|0,00||91906,35|11028,76|0,00|0,00|0,00|0,00|0,00|||
|C190|000|6102|12,00|91906,35|91906,35|11028,76|0,00|0,00|0|00,00||
|C100|1|0|070364210001110|55|00|1|606|41260262780383000115550010000006061011150800|10022026|10022026|91764,30|1|0,00||91764,30|1|0,00|0,00||91764,30|11011,72|0,00|0,00|0,00|0,00|0,00|||
|C190|000|6102|12,00|91764,30|91764,30|11011,72|0,00|0,00|0|00,00||
|C100|1|0|070364210001110|55|00|1|616|41260262780383000115550010000006161714737801|12022026|12022026|92237,80|1|0,00||92237,80|1|0,00|0,00||92237,80|11068,54|0,00|0,00|0,00|0,00|0,00|||
|C190|000|6102|12,00|92237,80|92237,80|11068,54|0,00|0,00|0|00,00||
|C100|1|0|070364210001110|55|00|1|648|41260262780383000115550010000006481521852300|14022026|14022026|94700,00|1|0,00||94700,00|1|0,00|0,00||94700,00|11364,00|0,00|0,00|0,00|0,00|0,00|||
|C190|000|6102|12,00|94700,00|94700,00|11364,00|0,00|0,00|0|00,00||
|C100|1|0|070364210001110|55|00|1|649|41260262780383000115550010000006491420636707|14022026|14022026|87881,60|1|0,00||87881,60|1|0,00|0,00||87881,60|10545,79|0,00|0,00|0,00|0,00|0,00|||
|C190|000|6102|12,00|87881,60|87881,60|10545,79|0,00|0,00|0|00,00||
|C100|1|0|070364210001110|55|00|1|650|41260262780383000115550010000006501430544520|14022026|14022026|93113,77|1|0,00||93113,77|1|0,00|0,00||93113,77|11173,65|0,00|0,00|0,00|0,00|0,00|||
|C190|000|6102|12,00|93113,77|93113,77|11173,65|0,00|0,00|0|00,00||
|C100|1|0|070364210001110|55|00|1|655|41260262780383000115550010000006551192832512|17022026|17022026|95220,84|1|0,00||95220,84|1|0,00|0,00||95220,84|11426,50|0,00|0,00|0,00|0,00|0,00|||
|C190|000|6102|12,00|95220,84|95220,84|11426,50|0,00|0,00|0|00,00||
|C100|1|0|070364210001110|55|00|1|659|41260262780383000115550010000006591406665998|18022026|18022026|93516,25|1|0,00||93516,25|1|0,00|0,00||93516,25|11221,95|0,00|0,00|0,00|0,00|0,00|||
|C190|000|6102|12,00|93516,25|93516,25|11221,95|0,00|0,00|0|00,00||
|C100|1|0|070364210001110|55|00|1|661|41260262780383000115550010000006611111356941|18022026|18022026|88781,25|1|0,00||88781,25|1|0,00|0,00||88781,25|10653,75|0,00|0,00|0,00|0,00|0,00|||
|C190|000|6102|12,00|88781,25|88781,25|10653,75|0,00|0,00|0|00,00||
|C100|1|0|070364210001110|55|00|1|721|41260262780383000115550010000007211111955381|25022026|25022026|96073,16|1|0,00||96073,16|1|0,00|0,00||96073,16|11528,78|0,00|0,00|0,00|0,00|0,00|||
|C190|000|6102|12,00|96073,16|96073,16|11528,78|0,00|0,00|0|00,00||
|C100|0|1|073223820001190|55|00|1|1079756|43260207322382000119550010010797561816265385|04022026|19022026|25,00|1|0,00||25,00|1|0,00|0,00||25,00|3,00|0,00|0,00|0,00|0,00|0,00|||
|C170|1|101010001|SOJA EM GRAOS|10,0000|KG|25,00|0,00|0|000|2202|214|25,00|12,00|3,00|0,00|0,00|0,00|0|||0,00|0,00|0,00|98|0,00|0,0000|0,00|0,0000|0,00|98|0,00|0,0000|0,00|0,0000|0,00||0,00|
|C190|000|2202|12,00|25,00|25,00|3,00|0,00|0,00|0|00,00||
|C100|0|1|073223820001190|55|00|1|1079875|43260207322382000119550010010798751974133456|05022026|19022026|50,00|1|0,00||50,00|1|0,00|0,00||50,00|6,00|0,00|0,00|0,00|0,00|0,00|||
|C170|1|101010001|SOJA EM GRAOS|20,0000|KG|50,00|0,00|0|000|2202|214|50,00|12,00|6,00|0,00|0,00|0,00|0|||0,00|0,00|0,00|98|0,00|0,0000|0,00|0,0000|0,00|98|0,00|0,0000|0,00|0,0000|0,00||0,00|
|C190|000|2202|12,00|50,00|50,00|6,00|0,00|0,00|0|00,00||
|C100|0|1|073223820001190|55|00|1|1079877|43260207322382000119550010010798771978379950|05022026|19022026|150,00|1|0,00||150,00|1|0,00|0,00||150,00|18,00|0,00|0,00|0,00|0,00|0,00|||
|C170|1|101010001|SOJA EM GRAOS|60,0000|KG|150,00|0,00|0|000|2202|214|150,00|12,00|18,00|0,00|0,00|0,00|0|||0,00|0,00|0,00|98|0,00|0,0000|0,00|0,0000|0,00|98|0,00|0,0000|0,00|0,0000|0,00||0,00|
|C190|000|2202|12,00|150,00|150,00|18,00|0,00|0,00|0|00,00||
|C100|1|0|073223820001190|55|00|1|594|41260262780383000115550010000005941401773680|09022026|09022026|75739,13|1|0,00||75739,13|1|0,00|0,00||75739,13|9088,70|0,00|0,00|0,00|0,00|0,00|||
|C190|000|6102|12,00|75739,13|75739,13|9088,70|0,00|0,00|0|00,00||
|C100|1|0|073223820001190|55|00|1|595|41260262780383000115550010000005951834049153|09022026|09022026|96194,56|1|0,00||96194,56|1|0,00|0,00||96194,56|11543,35|0,00|0,00|0,00|0,00|0,00|||
|C190|000|6102|12,00|96194,56|96194,56|11543,35|0,00|0,00|0|00,00||
|C100|1|0|073223820001190|55|00|1|596|41260262780383000115550010000005961826293510|09022026|09022026|91356,65|1|0,00||91356,65|1|0,00|0,00||91356,65|10962,80|0,00|0,00|0,00|0,00|0,00|||
|C190|000|6102|12,00|91356,65|91356,65|10962,80|0,00|0,00|0|00,00||
|C100|1|0|073223820001190|55|00|1|598|41260262780383000115550010000005981723231702|10022026|10022026|88327,08|1|0,00||88327,08|1|0,00|0,00||88327,08|10599,25|0,00|0,00|0,00|0,00|0,00|||
|C190|000|6102|12,00|88327,08|88327,08|10599,25|0,00|0,00|0|00,00||
|C100|1|0|073223820001190|55|00|1|602|41260262780383000115550010000006021323175583|10022026|10022026|81375,53|1|0,00||81375,53|1|0,00|0,00||81375,53|9765,06|0,00|0,00|0,00|0,00|0,00|||
|C190|000|6102|12,00|81375,53|81375,53|9765,06|0,00|0,00|0|00,00||
|C100|1|0|073223820001190|55|00|1|603|41260262780383000115550010000006031801128864|10022026|10022026|84968,73|1|0,00||84968,73|1|0,00|0,00||84968,73|10196,25|0,00|0,00|0,00|0,00|0,00|||
|C190|000|6102|12,00|84968,73|84968,73|10196,25|0,00|0,00|0|00,00||
|C100|1|0|073223820001190|55|00|1|605|41260262780383000115550010000006051631142300|10022026|10022026|73531,53|1|0,00||73531,53|1|0,00|0,00||73531,53|8823,78|0,00|0,00|0,00|0,00|0,00|||
|C190|000|6102|12,00|73531,53|73531,53|8823,78|0,00|0,00|0|00,00||
|C100|1|0|073223820001190|55|00|1|609|41260262780383000115550010000006091123315277|11022026|11022026|72451,23|1|0,00||72451,23|1|0,00|0,00||72451,23|8694,15|0,00|0,00|0,00|0,00|0,00|||
|C190|000|6102|12,00|72451,23|72451,23|8694,15|0,00|0,00|0|00,00||
|C100|1|0|073223820001190|55|00|1|613|41260262780383000115550010000006131834679181|11022026|11022026|74400,48|1|0,00||74400,48|1|0,00|0,00||74400,48|8928,06|0,00|0,00|0,00|0,00|0,00|||
|C190|000|6102|12,00|74400,48|74400,48|8928,06|0,00|0,00|0|00,00||
|C100|1|0||55|02|1|619|41260262780383000115550010000006191623696250|||||||||||||||||||||
|C100|1|0|073223820001190|55|00|1|620|41260262780383000115550010000006201902844019|12022026|12022026|78040,65|1|0,00||78040,65|1|0,00|0,00||78040,65|9364,88|0,00|0,00|0,00|0,00|0,00|||
|C190|000|6102|12,00|78040,65|78040,65|9364,88|0,00|0,00|0|00,00||
|C100|1|0|073223820001190|55|00|1|621|41260262780383000115550010000006211093026765|12022026|12022026|59792,81|1|0,00||59792,81|1|0,00|0,00||59792,81|7175,14|0,00|0,00|0,00|0,00|0,00|||
|C190|000|6102|12,00|59792,81|59792,81|7175,14|0,00|0,00|0|00,00||
|C100|1|0|073223820001190|55|00|1|622|41260262780383000115550010000006221813680295|12022026|12022026|91262,71|1|0,00||91262,71|1|0,00|0,00||91262,71|10951,53|0,00|0,00|0,00|0,00|0,00|||
|C190|000|6102|12,00|91262,71|91262,71|10951,53|0,00|0,00|0|00,00||
|C100|1|0|073223820001190|55|00|1|624|41260262780383000115550010000006241641582589|12022026|12022026|89008,15|1|0,00||89008,15|1|0,00|0,00||89008,15|10680,98|0,00|0,00|0,00|0,00|0,00|||
|C190|000|6102|12,00|89008,15|89008,15|10680,98|0,00|0,00|0|00,00||
|C100|1|0|073223820001190|55|00|1|625|41260262780383000115550010000006251173210324|12022026|12022026|87646,02|1|0,00||87646,02|1|0,00|0,00||87646,02|10517,52|0,00|0,00|0,00|0,00|0,00|||
|C190|000|6102|12,00|87646,02|87646,02|10517,52|0,00|0,00|0|00,00||
|C100|1|0|073223820001190|55|00|1|626|41260262780383000115550010000006261166848642|12022026|12022026|88608,91|1|0,00||88608,91|1|0,00|0,00||88608,91|10633,07|0,00|0,00|0,00|0,00|0,00|||
|C190|000|6102|12,00|88608,91|88608,91|10633,07|0,00|0,00|0|00,00||
|C100|1|0|073223820001190|55|00|1|858|41260262780383000115550010000008581213825180|28022026|28022026|83302,92|1|0,00||83302,92|1|0,00|0,00||83302,92|9996,35|0,00|0,00|0,00|0,00|0,00|||
|C190|000|6102|12,00|83302,92|83302,92|9996,35|0,00|0,00|0|00,00||
|C100|0|1|078857600003340|55|00|1|1430|41260207885760000334550010000014301267956266|18022026|19022026|80,00|1|0,00||80,00|0|0,00|0,00||0,00|0,00|0,00|0,00|0,00|1,32|6,08|||
|C170|1|902010159|THINNER/DILUENTE|1,0000|UN|80,00|0,00|1|090|1556|961|0,00|0,00|0,00|0,00|0,00|0,00|0|||0,00|0,00|0,00|56|80,00|1,6500|0,00|0,0000|1,32|56|80,00|7,6000|0,00|0,0000|6,08||0,00|
|C190|090|1556|0,00|80,00|0,00|0,00|0,00|0,00|0|00,00||
|C100|0|1|126200750001540|55|00|3|22719|41260212620075000154550030000227191523952159|13022026|16022026|464,82|1|77,30||542,12|0|0,00|0,00||0,00|0,00|0,00|0,00|0,00|0,00|0,00|||
|C170|1|901010035|MATERIAL DE LIMPEZA|29,0000|UND|542,12|77,30|1|090|1556|9134|0,00|0,00|0,00|0,00|0,00|0,00|0|||0,00|0,00|0,00|70|0,00|0,0000|0,00|0,0000|0,00|70|0,00|0,0000|0,00|0,0000|0,00||0,00|
|C190|090|1556|0,00|464,82|0,00|0,00|0,00|0,00|0|00,00||
|C100|0|1|126200750001540|55|00|3|22860|41260212620075000154550030000228601364550479|26022026|27022026|62,00|1|0,00||62,00|0|0,00|0,00||0,00|0,00|0,00|0,00|0,00|0,00|0,00|||
|C170|1|901010035|MATERIAL DE LIMPEZA|2,0000|UND|62,00|0,00|1|090|1556|9134|0,00|0,00|0,00|0,00|0,00|0,00|0|||0,00|0,00|0,00|70|0,00|0,0000|0,00|0,0000|0,00|70|0,00|0,0000|0,00|0,0000|0,00||0,00|
|C190|090|1556|0,00|62,00|0,00|0,00|0,00|0,00|0|00,00||
|C100|0|1|126204870001940|55|00|1|5476|41260212620487000194550010000054761367266226|07022026|13022026|128,00|1|0,00||128,00|0|0,00|0,00||0,00|0,00|0,00|0,00|0,00|2,11|9,73|||
|C170|1|902010057|CANTONEIRA / VIGA/PERFIL CHAPA/MARREIRAS/TESOURAS/TUBO/TRILHO|16,2200|UND|128,00|0,00|1|090|1556|961|0,00|0,00|0,00|0,00|0,00|0,00|0|||0,00|0,00|0,00|56|128,00|1,6500|0,00|0,0000|2,11|56|128,00|7,6000|0,00|0,0000|9,73||0,00|
|C190|090|1556|0,00|128,00|0,00|0,00|0,00|0,00|0|00,00||
|C100|1|0|130139010001600|55|00|1|829|41260262780383000115550010000008291073995605|27022026|27022026|55575,00|1|0,00||55575,00|0|0,00|0,00||0,00|0,00|0,00|0,00|0,00|0,00|0,00|||
|C190|051|5102|0,00|55575,00|0,00|0,00|0,00|0,00|0|00,00||
|C100|1|0|130139010001600|55|00|1|830|41260262780383000115550010000008301136466532|27022026|27022026|55033,33|1|0,00||55033,33|0|0,00|0,00||0,00|0,00|0,00|0,00|0,00|0,00|0,00|||
|C190|051|5102|0,00|55033,33|0,00|0,00|0,00|0,00|0|00,00||
|C100|1|0|130139010001600|55|00|1|831|41260262780383000115550010000008311285210502|27022026|27022026|55466,67|1|0,00||55466,67|0|0,00|0,00||0,00|0,00|0,00|0,00|0,00|0,00|0,00|||
|C190|051|5102|0,00|55466,67|0,00|0,00|0,00|0,00|0|00,00||
|C100|1|0|130139010001600|55|00|1|832|41260262780383000115550010000008321250136389|27022026|27022026|55542,50|1|0,00||55542,50|0|0,00|0,00||0,00|0,00|0,00|0,00|0,00|0,00|0,00|||
|C190|051|5102|0,00|55542,50|0,00|0,00|0,00|0,00|0|00,00||
|C100|1|0|130139010001600|55|00|1|833|41260262780383000115550010000008331744927317|27022026|27022026|56636,67|1|0,00||56636,67|0|0,00|0,00||0,00|0,00|0,00|0,00|0,00|0,00|0,00|||
|C190|051|5102|0,00|56636,67|0,00|0,00|0,00|0,00|0|00,00||
|C100|1|0|130139010001600|55|00|1|834|41260262780383000115550010000008341592968170|27022026|27022026|54708,33|1|0,00||54708,33|0|0,00|0,00||0,00|0,00|0,00|0,00|0,00|0,00|0,00|||
|C190|051|5102|0,00|54708,33|0,00|0,00|0,00|0,00|0|00,00||
|C100|1|0|130139010001600|55|00|1|835|41260262780383000115550010000008351166642602|27022026|27022026|54166,67|1|0,00||54166,67|0|0,00|0,00||0,00|0,00|0,00|0,00|0,00|0,00|0,00|||
|C190|051|5102|0,00|54166,67|0,00|0,00|0,00|0,00|0|00,00||
|C100|1|0|130139010001600|55|00|1|836|41260262780383000115550010000008361231970785|27022026|27022026|55401,67|1|0,00||55401,67|0|0,00|0,00||0,00|0,00|0,00|0,00|0,00|0,00|0,00|||
|C190|051|5102|0,00|55401,67|0,00|0,00|0,00|0,00|0|00,00||
|C100|1|0|130139010001600|55|00|1|837|41260262780383000115550010000008371376381214|27022026|27022026|55401,67|1|0,00||55401,67|0|0,00|0,00||0,00|0,00|0,00|0,00|0,00|0,00|0,00|||
|C190|051|5102|0,00|55401,67|0,00|0,00|0,00|0,00|0|00,00||
|C100|1|0|130139010001600|55|00|1|838|41260262780383000115550010000008381263382158|27022026|27022026|55943,33|1|0,00||55943,33|0|0,00|0,00||0,00|0,00|0,00|0,00|0,00|0,00|0,00|||
|C190|051|5102|0,00|55943,33|0,00|0,00|0,00|0,00|0|00,00||
|C100|1|0|130139010001600|55|00|1|839|41260262780383000115550010000008391176999839|27022026|27022026|55488,33|1|0,00||55488,33|0|0,00|0,00||0,00|0,00|0,00|0,00|0,00|0,00|0,00|||
|C190|051|5102|0,00|55488,33|0,00|0,00|0,00|0,00|0|00,00||
|C100|1|0|130139010001600|55|00|1|840|41260262780383000115550010000008401634766020|27022026|27022026|55120,00|1|0,00||55120,00|0|0,00|0,00||0,00|0,00|0,00|0,00|0,00|0,00|0,00|||
|C190|051|5102|0,00|55120,00|0,00|0,00|0,00|0,00|0|00,00||
|C100|1|0|130139010001600|55|00|1|841|41260262780383000115550010000008411000133373|27022026|27022026|55228,33|1|0,00||55228,33|0|0,00|0,00||0,00|0,00|0,00|0,00|0,00|0,00|0,00|||
|C190|051|5102|0,00|55228,33|0,00|0,00|0,00|0,00|0|00,00||
|C100|1|0|130139010001600|55|00|1|842|41260262780383000115550010000008421451155913|28022026|28022026|55206,67|1|0,00||55206,67|0|0,00|0,00||0,00|0,00|0,00|0,00|0,00|0,00|0,00|||
|C190|051|5102|0,00|55206,67|0,00|0,00|0,00|0,00|0|00,00||
|C100|1|0|130139010001600|55|00|1|843|41260262780383000115550010000008431484121934|28022026|28022026|56246,67|1|0,00||56246,67|0|0,00|0,00||0,00|0,00|0,00|0,00|0,00|0,00|0,00|||
|C190|051|5102|0,00|56246,67|0,00|0,00|0,00|0,00|0|00,00||
|C100|1|0|130139010001600|55|00|1|844|41260262780383000115550010000008441938768846|28022026|28022026|54535,00|1|0,00||54535,00|0|0,00|0,00||0,00|0,00|0,00|0,00|0,00|0,00|0,00|||
|C190|051|5102|0,00|54535,00|0,00|0,00|0,00|0,00|0|00,00||
|C100|1|0|130139010001600|55|00|1|845|41260262780383000115550010000008451253541142|28022026|28022026|56073,33|1|0,00||56073,33|0|0,00|0,00||0,00|0,00|0,00|0,00|0,00|0,00|0,00|||
|C190|051|5102|0,00|56073,33|0,00|0,00|0,00|0,00|0|00,00||
|C100|1|0|130139010001600|55|00|1|846|41260262780383000115550010000008461322599814|28022026|28022026|56116,67|1|0,00||56116,67|0|0,00|0,00||0,00|0,00|0,00|0,00|0,00|0,00|0,00|||
|C190|051|5102|0,00|56116,67|0,00|0,00|0,00|0,00|0|00,00||
|C100|1|0|130139010001600|55|00|1|847|41260262780383000115550010000008471320947421|28022026|28022026|54231,67|1|0,00||54231,67|0|0,00|0,00||0,00|0,00|0,00|0,00|0,00|0,00|0,00|||
|C190|051|5102|0,00|54231,67|0,00|0,00|0,00|0,00|0|00,00||
|C100|1|0|130139010001600|55|00|1|848|41260262780383000115550010000008481221128489|28022026|28022026|54253,33|1|0,00||54253,33|0|0,00|0,00||0,00|0,00|0,00|0,00|0,00|0,00|0,00|||
|C190|051|5102|0,00|54253,33|0,00|0,00|0,00|0,00|0|00,00||
|C100|1|0|130139010001600|55|00|1|849|41260262780383000115550010000008491235589766|28022026|28022026|54210,00|1|0,00||54210,00|0|0,00|0,00||0,00|0,00|0,00|0,00|0,00|0,00|0,00|||
|C190|051|5102|0,00|54210,00|0,00|0,00|0,00|0,00|0|00,00||
|C100|1|0|130139010001600|55|00|1|850|41260262780383000115550010000008501385742994|28022026|28022026|54838,33|1|0,00||54838,33|0|0,00|0,00||0,00|0,00|0,00|0,00|0,00|0,00|0,00|||
|C190|051|5102|0,00|54838,33|0,00|0,00|0,00|0,00|0|00,00||
|C100|1|0|130139010001600|55|00|1|851|41260262780383000115550010000008511182059154|28022026|28022026|54795,00|1|0,00||54795,00|0|0,00|0,00||0,00|0,00|0,00|0,00|0,00|0,00|0,00|||
|C190|051|5102|0,00|54795,00|0,00|0,00|0,00|0,00|0|00,00||
|C100|1|0|130139010001600|55|00|1|852|41260262780383000115550010000008521572628525|28022026|28022026|54231,66|1|0,00||54231,66|0|0,00|0,00||0,00|0,00|0,00|0,00|0,00|0,00|0,00|||
|C190|051|5102|0,00|54231,66|0,00|0,00|0,00|0,00|0|00,00||
|C100|0|1|143101700089190|55|00|5|44830|41260214310170008919550050000448301253970058|13022026|14022026|10,19|1|1,80||11,99|0|0,00|0,00||0,00|0,00|0,00|0,00|0,00|0,17|0,77|||
|C170|1|902010069|SILICONE/REJUNTE/ARGAMAASA|1,0000|UND|11,99|1,80|1|090|1556|961|0,00|0,00|0,00|0,00|0,00|0,00|0|||0,00|0,00|0,00|56|10,19|1,6500|0,00|0,0000|0,17|56|10,19|7,6000|0,00|0,0000|0,77||0,00|
|C190|090|1556|0,00|10,19|0,00|0,00|0,00|0,00|0|00,00||
|C100|0|1|176098370001350|55|00|9|4885|41260217609837000135550090000048851931848080|20022026|24022026|41,44|1|0,00||41,44|0|0,00|0,00||0,00|0,00|0,00|0,00|0,00|0,68|3,15|||
|C170|1|902010219|CONECTOR PARAFUSO/TERMINAL DE PRESSAO|4,0000|UND|41,44|0,00|1|090|1556|961|0,00|0,00|0,00|0,00|0,00|0,00|0|||0,00|0,00|0,00|56|41,44|1,6500|0,00|0,0000|0,68|56|41,44|7,6000|0,00|0,0000|3,15||0,00|
|C190|090|1556|0,00|41,44|0,00|0,00|0,00|0,00|0|00,00||
|C100|0|1|176098370001350|55|00|9|4898|41260217609837000135550090000048981987908435|27022026|28022026|179,90|1|0,00||179,90|0|0,00|0,00||0,00|0,00|0,00|0,00|0,00|2,97|13,67|||
|C170|1|902010070|FITA DUPLA FACE/PU/PLACA/PU SACHE/POLIURETANO|3,0000|UND|56,70|0,00|1|090|1556|961|0,00|0,00|0,00|0,00|0,00|0,00|0|||0,00|0,00|0,00|56|56,70|1,6500|0,00|0,0000|0,94|56|56,70|7,6000|0,00|0,0000|4,31||0,00|
|C170|2|902010079|PARAFUSO|20,0000|UND|3,00|0,00|1|090|1556|961|0,00|0,00|0,00|0,00|0,00|0,00|0|||0,00|0,00|0,00|56|3,00|1,6500|0,00|0,0000|0,05|56|3,00|7,6000|0,00|0,0000|0,23||0,00|
|C170|3|902010109|TRAVA QUEDAS/ GRAMPO/CLIPS/ATLAS/TRELICA/ABRACADEIRA/ESTICADOR|2,0000|UND|20,80|0,00|1|090|1556|961|0,00|0,00|0,00|0,00|0,00|0,00|0|||0,00|0,00|0,00|56|20,80|1,6500|0,00|0,0000|0,34|56|20,80|7,6000|0,00|0,0000|1,58||0,00|
|C170|4|902010147|BROCA/PONTEIRA/IMPLEMENTO FS|5,0000|UND|37,50|0,00|1|090|1556|961|0,00|0,00|0,00|0,00|0,00|0,00|0|||0,00|0,00|0,00|56|37,50|1,6500|0,00|0,0000|0,62|56|37,50|7,6000|0,00|0,0000|2,85||0,00|
|C170|5|902010147|BROCA/PONTEIRA/IMPLEMENTO FS|1,0000|UND|8,00|0,00|1|090|1556|961|0,00|0,00|0,00|0,00|0,00|0,00|0|||0,00|0,00|0,00|56|8,00|1,6500|0,00|0,0000|0,13|56|8,00|7,6000|0,00|0,0000|0,61||0,00|
|C170|6|902010155|TORNEIRA/REGISTRO MAQUINA/BOIA/VALVULA/REGISTRO/REPARO|1,0000|UND|26,90|0,00|1|090|1556|961|0,00|0,00|0,00|0,00|0,00|0,00|0|||0,00|0,00|0,00|56|26,90|1,6500|0,00|0,0000|0,44|56|26,90|7,6000|0,00|0,0000|2,04||0,00|
|C170|7|902010193|ADPTADOR/UNIAO P/MANGUEIRA/JOELHO/IRRIGADOR|1,0000|UND|10,00|0,00|1|090|1556|961|0,00|0,00|0,00|0,00|0,00|0,00|0|||0,00|0,00|0,00|56|10,00|1,6500|0,00|0,0000|0,17|56|10,00|7,6000|0,00|0,0000|0,76||0,00|
|C170|8|902010398|SEMI SUPORTE/ ABRACADEIRA|2,0000|UN|17,00|0,00|1|090|1556|961|0,00|0,00|0,00|0,00|0,00|0,00|0|||0,00|0,00|0,00|56|17,00|1,6500|0,00|0,0000|0,28|56|17,00|7,6000|0,00|0,0000|1,29||0,00|
|C190|090|1556|0,00|179,90|0,00|0,00|0,00|0,00|0|00,00||
|C100|0|1|207029070001000|55|00|1|23079|50260120702907000100550010000230791100230791|20012026|04022026|110520,00|1|0,00||110520,00|0|0,00|0,00||110520,00|13262,40|0,00|0,00|0,00|1823,58|8399,52|||
|C170|1|101010001|SOJA EM GRAOS|49120,0000|KG|110520,00|0,00|0|000|2102|166|110520,00|12,00|13262,40|0,00|0,00|0,00|0|||0,00|0,00|0,00|56|110520,00|1,6500|0,00|0,0000|1823,58|56|110520,00|7,6000|0,00|0,0000|8399,52||0,00|
|C190|000|2102|12,00|110520,00|110520,00|13262,40|0,00|0,00|0|00,00||
|C100|0|1|209391970001360|55|00|1|9317|41260220939197000136550010000093171000093186|24022026|24022026|25,00|1|0,00||25,00|0|0,00|0,00||0,00|0,00|0,00|0,00|0,00|0,41|1,90|||
|C170|1|902010181|RODA DENTADA/SPROCKET/PINHAO/RODA EMBORRACHADA|1,0000|UND|25,00|0,00|1|090|1556|961|0,00|0,00|0,00|0,00|0,00|0,00|0|||0,00|0,00|0,00|56|25,00|1,6500|0,00|0,0000|0,41|56|25,00|7,6000|0,00|0,0000|1,90||0,00|
|C190|090|1556|0,00|25,00|0,00|0,00|0,00|0,00|0|00,00||
|C100|0|1|250315450002770|55|00|55|150|41260225031545000277550550000001501000001514|18022026|20022026|198,00|1|0,00||198,00|0|0,00|0,00||0,00|0,00|0,00|0,00|0,00|3,27|15,05|||
|C170|1|902010289|LANTERNA|2,0000|UN|198,00|0,00|1|090|1556|961|0,00|0,00|0,00|0,00|0,00|0,00|0|||0,00|0,00|0,00|56|198,00|1,6500|0,00|0,0000|3,27|56|198,00|7,6000|0,00|0,0000|15,05||0,00|
|C190|090|1556|0,00|198,00|0,00|0,00|0,00|0,00|0|00,00||
|C100|0|1|253359810001590|55|00|1|7951|41260225335981000159550010000079511000079527|13022026|16022026|697,20|1|0,00||697,20|0|0,00|0,00||0,00|0,00|0,00|0,00|0,00|11,51|52,99|||
|C170|1|902020002|MASCARA/RESPIRADOR/TALABARTE|50,0000|UND|50,00|0,00|1|090|1556|967|0,00|0,00|0,00|0,00|0,00|0,00|0|||0,00|0,00|0,00|56|50,00|1,6500|0,00|0,0000|0,83|56|50,00|7,6000|0,00|0,0000|3,80||0,00|
|C170|2|902020012|BOTINA/COTURNO/TENIS SOLADO|1,0000|UND|107,90|0,00|1|090|1556|967|0,00|0,00|0,00|0,00|0,00|0,00|0|||0,00|0,00|0,00|56|107,90|1,6500|0,00|0,0000|1,78|56|107,90|7,6000|0,00|0,0000|8,20||0,00|
|C170|3|902020012|BOTINA/COTURNO/TENIS SOLADO|1,0000|UND|107,90|0,00|1|090|1556|967|0,00|0,00|0,00|0,00|0,00|0,00|0|||0,00|0,00|0,00|56|107,90|1,6500|0,00|0,0000|1,78|56|107,90|7,6000|0,00|0,0000|8,20||0,00|
|C170|4|902020012|BOTINA/COTURNO/TENIS SOLADO|4,0000|UND|287,60|0,00|1|090|1556|967|0,00|0,00|0,00|0,00|0,00|0,00|0|||0,00|0,00|0,00|56|287,60|1,6500|0,00|0,0000|4,75|56|287,60|7,6000|0,00|0,0000|21,86||0,00|
|C170|5|902020012|BOTINA/COTURNO/TENIS SOLADO|2,0000|UND|143,80|0,00|1|090|1556|967|0,00|0,00|0,00|0,00|0,00|0,00|0|||0,00|0,00|0,00|56|143,80|1,6500|0,00|0,0000|2,37|56|143,80|7,6000|0,00|0,0000|10,93||0,00|
|C190|090|1556|0,00|697,20|0,00|0,00|0,00|0,00|0|00,00||
|C100|0|1|253359810001590|55|00|1|7976|41260225335981000159550010000079761000079771|20022026|24022026|388,41|1|0,00||388,41|0|0,00|0,00||0,00|0,00|0,00|0,00|0,00|6,40|29,52|||
|C170|1|902020001|CAPACETE/JUGULAR|2,0000|UND|31,40|0,00|1|090|1556|967|0,00|0,00|0,00|0,00|0,00|0,00|0|||0,00|0,00|0,00|56|31,40|1,6500|0,00|0,0000|0,52|56|31,40|7,6000|0,00|0,0000|2,39||0,00|
|C170|2|902020001|CAPACETE/JUGULAR|9,0000|UND|141,30|0,00|1|090|1556|967|0,00|0,00|0,00|0,00|0,00|0,00|0|||0,00|0,00|0,00|56|141,30|1,6500|0,00|0,0000|2,33|56|141,30|7,6000|0,00|0,0000|10,74||0,00|
|C170|3|902020001|CAPACETE/JUGULAR|1,0000|UND|15,70|0,00|1|090|1556|967|0,00|0,00|0,00|0,00|0,00|0,00|0|||0,00|0,00|0,00|56|15,70|1,6500|0,00|0,0000|0,26|56|15,70|7,6000|0,00|0,0000|1,19||0,00|
|C170|4|902020001|CAPACETE/JUGULAR|12,0000|UND|54,00|0,00|1|090|1556|967|0,00|0,00|0,00|0,00|0,00|0,00|0|||0,00|0,00|0,00|56|54,00|1,6500|0,00|0,0000|0,89|56|54,00|7,6000|0,00|0,0000|4,10||0,00|
|C170|5|902020003|LUVA|5,0000|UND|19,00|0,00|1|090|1556|967|0,00|0,00|0,00|0,00|0,00|0,00|0|||0,00|0,00|0,00|56|19,00|1,6500|0,00|0,0000|0,31|56|19,00|7,6000|0,00|0,0000|1,44||0,00|
|C170|6|902020003|LUVA|4,0000|UND|59,60|0,00|1|090|1556|967|0,00|0,00|0,00|0,00|0,00|0,00|0|||0,00|0,00|0,00|56|59,60|1,6500|0,00|0,0000|0,98|56|59,60|7,6000|0,00|0,0000|4,53||0,00|
|C170|7|902020004|OCULOS|3,0000|UND|14,97|0,00|1|090|1556|967|0,00|0,00|0,00|0,00|0,00|0,00|0|||0,00|0,00|0,00|56|14,97|1,6500|0,00|0,0000|0,25|56|14,97|7,6000|0,00|0,0000|1,14||0,00|
|C170|8|902020004|OCULOS|6,0000|UND|29,94|0,00|1|090|1556|967|0,00|0,00|0,00|0,00|0,00|0,00|0|||0,00|0,00|0,00|56|29,94|1,6500|0,00|0,0000|0,49|56|29,94|7,6000|0,00|0,0000|2,28||0,00|
|C170|9|902020016|PROTETOR AURICULAR/PROTETOR FACIAL/ABAFADOR|10,0000|UND|22,50|0,00|1|090|1556|967|0,00|0,00|0,00|0,00|0,00|0,00|0|||0,00|0,00|0,00|56|22,50|1,6500|0,00|0,0000|0,37|56|22,50|7,6000|0,00|0,0000|1,71||0,00|
|C190|090|1556|0,00|388,41|0,00|0,00|0,00|0,00|0|00,00||
|C100|0|1|310101230001370|55|00|2|1979|41260231010123000137550020000019791000075194|07022026|10022026|189,80|1|0,00||189,80|0|0,00|0,00||0,00|0,00|0,00|0,00|0,00|3,13|14,42|||
|C170|1|904010005|COMBUSTIVEIS E LUBRIFICANTES|42,2720|UND|189,80|0,00|1|061|1653|9112|0,00|0,00|0,00|0,00|0,00|0,00|0|||0,00|0,00|0,00|50|189,80|1,6500|0,00|0,0000|3,13|50|189,80|7,6000|0,00|0,0000|14,42||0,00|
|C190|061|1653|0,00|189,80|0,00|0,00|0,00|0,00|0|00,00||
|C100|0|1|310101230001370|55|00|4|3123|41260231010123000137550040000031231000076746|10022026|12022026|207,14|1|0,00||207,14|0|0,00|0,00||0,00|0,00|0,00|0,00|0,00|3,42|15,74|||
|C170|1|904010005|COMBUSTIVEIS E LUBRIFICANTES|46,1340|UND|207,14|0,00|1|061|1653|9112|0,00|0,00|0,00|0,00|0,00|0,00|0|||0,00|0,00|0,00|50|207,14|1,6500|0,00|0,0000|3,42|50|207,14|7,6000|0,00|0,0000|15,74||0,00|
|C190|061|1653|0,00|207,14|0,00|0,00|0,00|0,00|0|00,00||
|C100|0|1|310142760001520|55|00|1|45078|41260231014276000152550010000450781076670146|09022026|10022026|66112,50|1|0,00||66112,50|1|0,00|0,00||0,00|0,00|0,00|0,00|0,00|0,00|0,00|||
|C170|1|101010001|SOJA EM GRAOS|32250,0000|KG|66112,50|0,00|0|051|1102|14|0,00|0,00|0,00|0,00|0,00|0,00|0|||0,00|0,00|0,00|70|0,00|0,0000|0,00|0,0000|0,00|70|0,00|0,0000|0,00|0,0000|0,00||0,00|
|C190|051|1102|0,00|66112,50|0,00|0,00|0,00|0,00|0|00,00||
|C100|0|1|310142760001520|55|00|1|45082|41260231014276000152550010000450821915375836|10022026|10022026|77100,50|1|0,00||77100,50|1|0,00|0,00||0,00|0,00|0,00|0,00|0,00|0,00|0,00|||
|C170|1|101010001|SOJA EM GRAOS|37610,0000|KG|77100,50|0,00|0|051|1102|14|0,00|0,00|0,00|0,00|0,00|0,00|0|||0,00|0,00|0,00|70|0,00|0,0000|0,00|0,0000|0,00|70|0,00|0,0000|0,00|0,0000|0,00||0,00|
|C190|051|1102|0,00|77100,50|0,00|0,00|0,00|0,00|0|00,00||
|C100|0|1|310142760001520|55|00|1|45119|41260231014276000152550010000451191974560506|12022026|12022026|77695,00|1|0,00||77695,00|1|0,00|0,00||0,00|0,00|0,00|0,00|0,00|0,00|0,00|||
|C170|1|101010001|SOJA EM GRAOS|37900,0000|KG|77695,00|0,00|0|051|1102|14|0,00|0,00|0,00|0,00|0,00|0,00|0|||0,00|0,00|0,00|70|0,00|0,0000|0,00|0,0000|0,00|70|0,00|0,0000|0,00|0,0000|0,00||0,00|
|C190|051|1102|0,00|77695,00|0,00|0,00|0,00|0,00|0|00,00||
|C100|0|1|310142760001520|55|00|1|45121|41260231014276000152550010000451211274310203|12022026|12022026|76506,00|1|0,00||76506,00|1|0,00|0,00||0,00|0,00|0,00|0,00|0,00|0,00|0,00|||
|C170|1|101010001|SOJA EM GRAOS|37320,0000|KG|76506,00|0,00|0|051|1102|14|0,00|0,00|0,00|0,00|0,00|0,00|0|||0,00|0,00|0,00|70|0,00|0,0000|0,00|0,0000|0,00|70|0,00|0,0000|0,00|0,0000|0,00||0,00|
|C190|051|1102|0,00|76506,00|0,00|0,00|0,00|0,00|0|00,00||
|C100|0|1|310142760001520|55|00|1|45166|41260231014276000152550010000451661849127584|14022026|14022026|76813,50|1|0,00||76813,50|1|0,00|0,00||0,00|0,00|0,00|0,00|0,00|0,00|0,00|||
|C170|1|101010001|SOJA EM GRAOS|37470,0000|KG|76813,50|0,00|0|051|1102|14|0,00|0,00|0,00|0,00|0,00|0,00|0|||0,00|0,00|0,00|70|0,00|0,0000|0,00|0,0000|0,00|70|0,00|0,0000|0,00|0,0000|0,00||0,00|
|C190|051|1102|0,00|76813,50|0,00|0,00|0,00|0,00|0|00,00||
|C100|0|1|310142760001520|55|00|1|45167|41260231014276000152550010000451671695913612|14022026|14022026|76096,00|1|0,00||76096,00|1|0,00|0,00||0,00|0,00|0,00|0,00|0,00|0,00|0,00|||
|C170|1|101010001|SOJA EM GRAOS|37120,0000|KG|76096,00|0,00|0|051|1102|14|0,00|0,00|0,00|0,00|0,00|0,00|0|||0,00|0,00|0,00|70|0,00|0,0000|0,00|0,0000|0,00|70|0,00|0,0000|0,00|0,0000|0,00||0,00|
|C190|051|1102|0,00|76096,00|0,00|0,00|0,00|0,00|0|00,00||
|C100|0|1|310142760001520|55|00|1|45174|41260231014276000152550010000451741957036693|14022026|14022026|78043,50|1|0,00||78043,50|1|0,00|0,00||0,00|0,00|0,00|0,00|0,00|0,00|0,00|||
|C170|1|101010001|SOJA EM GRAOS|38070,0000|KG|78043,50|0,00|0|051|1102|14|0,00|0,00|0,00|0,00|0,00|0,00|0|||0,00|0,00|0,00|70|0,00|0,0000|0,00|0,0000|0,00|70|0,00|0,0000|0,00|0,0000|0,00||0,00|
|C190|051|1102|0,00|78043,50|0,00|0,00|0,00|0,00|0|00,00||
|C100|0|1|337647180001030|55|00|1|3812|41260233764718000103550010000038121492741557|19022026|24022026|6522,00|1|0,00||6522,00|0|0,00|0,00||0,00|0,00|0,00|0,00|0,00|107,62|495,67|||
|C170|1|902010061|PENEIRA/MARTELO REVESTIDO/QUARTEADOR|8,0000|UND|1824,00|0,00|1|090|1556|9684|0,00|0,00|0,00|0,00|0,00|0,00|0|||0,00|0,00|0,00|56|1824,00|1,6500|0,00|0,0000|30,10|56|1824,00|7,6000|0,00|0,0000|138,62||0,00|
|C170|2|902010061|PENEIRA/MARTELO REVESTIDO/QUARTEADOR|6,0000|UND|1368,00|0,00|1|090|1556|9684|0,00|0,00|0,00|0,00|0,00|0,00|0|||0,00|0,00|0,00|56|1368,00|1,6500|0,00|0,0000|22,57|56|1368,00|7,6000|0,00|0,0000|103,97||0,00|
|C170|3|902010061|PENEIRA/MARTELO REVESTIDO/QUARTEADOR|6,0000|UND|1368,00|0,00|1|090|1556|9684|0,00|0,00|0,00|0,00|0,00|0,00|0|||0,00|0,00|0,00|56|1368,00|1,6500|0,00|0,0000|22,57|56|1368,00|7,6000|0,00|0,0000|103,97||0,00|
|C170|4|902010061|PENEIRA/MARTELO REVESTIDO/QUARTEADOR|4,0000|UND|912,00|0,00|1|090|1556|9684|0,00|0,00|0,00|0,00|0,00|0,00|0|||0,00|0,00|0,00|56|912,00|1,6500|0,00|0,0000|15,05|56|912,00|7,6000|0,00|0,0000|69,31||0,00|
|C170|5|902010061|PENEIRA/MARTELO REVESTIDO/QUARTEADOR|1050,0000|UND|1050,00|0,00|1|090|1556|9684|0,00|0,00|0,00|0,00|0,00|0,00|0|||0,00|0,00|0,00|56|1050,00|1,6500|0,00|0,0000|17,33|56|1050,00|7,6000|0,00|0,0000|79,80||0,00|
|C190|090|1556|0,00|6522,00|0,00|0,00|0,00|0,00|0|00,00||
|C100|0|1|347737630001970|55|00|3|732|41251234773763000197550030000007321000023157|05122025|05022026|205,88|1|0,00||205,88|0|0,00|0,00||0,00|0,00|0,00|0,00|0,00|3,40|15,65|||
|C170|1|904010005|COMBUSTIVEIS E LUBRIFICANTES|49,1360|UND|205,88|0,00|1|061|1653|9112|0,00|0,00|0,00|0,00|0,00|0,00|0|||0,00|0,00|0,00|50|205,88|1,6500|0,00|0,0000|3,40|50|205,88|7,6000|0,00|0,0000|15,65||0,00|
|C190|061|1653|0,00|205,88|0,00|0,00|0,00|0,00|0|00,00||
|C100|0|1|347737630001970|55|00|3|761|41260134773763000197550030000007611000023839|31012026|02022026|206,34|1|0,00||206,34|0|0,00|0,00||0,00|0,00|0,00|0,00|0,00|3,40|15,68|||
|C170|1|904010005|COMBUSTIVEIS E LUBRIFICANTES|47,0020|UND|206,34|0,00|1|061|1653|9112|0,00|0,00|0,00|0,00|0,00|0,00|0|||0,00|0,00|0,00|50|206,34|1,6500|0,00|0,0000|3,40|50|206,34|7,6000|0,00|0,0000|15,68||0,00|
|C190|061|1653|0,00|206,34|0,00|0,00|0,00|0,00|0|00,00||
|C100|0|1|347737630001970|55|00|3|763|41260234773763000197550030000007631000023993|03022026|05022026|100,00|1|0,00||100,00|0|0,00|0,00||0,00|0,00|0,00|0,00|0,00|1,65|7,60|||
|C170|1|904010005|COMBUSTIVEIS E LUBRIFICANTES|22,7790|UND|100,00|0,00|1|061|1653|9112|0,00|0,00|0,00|0,00|0,00|0,00|0|||0,00|0,00|0,00|50|100,00|1,6500|0,00|0,0000|1,65|50|100,00|7,6000|0,00|0,0000|7,60||0,00|
|C190|061|1653|0,00|100,00|0,00|0,00|0,00|0,00|0|00,00||
|C100|0|1|347737630001970|01|00|3|771||27022026|27022026|203,66|1|0,00||203,66|0|0,00|0,00||0,00|0,00|0,00|0,00|0,00|3,36|15,48|||
|C170|1|904010005|COMBUSTIVEIS E LUBRIFICANTES|45,3590|UND|203,66|0,00|1|061|1653|9112|0,00|0,00|0,00|0,00|0,00|0,00|0|||0,00|0,00|0,00|50|203,66|1,6500|0,00|0,0000|3,36|50|203,66|7,6000|0,00|0,0000|15,48||0,00|
|C190|061|1653|0,00|203,66|0,00|0,00|0,00|0,00|0|00,00||
|C100|0|1|391774360001960|55|00|1|2246|41260239177436000196550010000022461005609401|23022026|24022026|255,00|1|0,00||255,00|0|0,00|0,00||0,00|0,00|0,00|0,00|0,00|4,21|19,38|||
|C170|1|904010005|COMBUSTIVEIS E LUBRIFICANTES|56,7930|UND|255,00|0,00|1|061|1653|9112|0,00|0,00|0,00|0,00|0,00|0,00|0|||0,00|0,00|0,00|50|255,00|1,6500|0,00|0,0000|4,21|50|255,00|7,6000|0,00|0,0000|19,38||0,00|
|C190|061|1653|0,00|255,00|0,00|0,00|0,00|0,00|0|00,00||
|C100|0|1|404041400001400|55|00|2|6787|41260240404140000140550020000067871000251255|13022026|16022026|191,15|1|0,00||191,15|0|0,00|0,00||0,00|0,00|0,00|0,00|0,00|3,15|14,53|||
|C170|1|904010005|COMBUSTIVEIS E LUBRIFICANTES|46,7360|UND|191,15|0,00|1|061|1653|9112|0,00|0,00|0,00|0,00|0,00|0,00|0|||0,00|0,00|0,00|50|191,15|1,6500|0,00|0,0000|3,15|50|191,15|7,6000|0,00|0,0000|14,53||0,00|
|C190|061|1653|0,00|191,15|0,00|0,00|0,00|0,00|0|00,00||
|C100|0|1|432670290003090|55|00|1|4687|52260243267029000309550010000046871606993643|20022026|28022026|4744,74|1|0,00||4744,74|0|0,00|0,00||1897,90|227,75|0,00|0,00|0,00|0,00|0,00|||
|C170|1|213010001|BEAUTOP - 1 KG|30,0000|UN|4744,74|0,00|0|020|2102|124|1897,90|12,00|227,75|0,00|0,00|0,00|0|||0,00|0,00|0,00|73|0,00|0,0000|0,00|0,0000|0,00|73|0,00|0,0000|0,00|0,0000|0,00||0,00|
|C190|020|2102|12,00|4744,74|1897,90|227,75|0,00|0,00|2846,84|00,00||
|C100|0|1|438489450001700|55|00|1|1187|41260243848945000170550010000011871392884432|25022026|28022026|230,29|1|0,00||230,29|0|0,00|0,00||0,00|0,00|0,00|0,00|0,00|3,80|17,50|||
|C170|1|904010005|COMBUSTIVEIS E LUBRIFICANTES|50,1720|UND|230,29|0,00|1|061|1653|9112|0,00|0,00|0,00|0,00|0,00|0,00|0|||0,00|0,00|0,00|50|230,29|1,6500|0,00|0,0000|3,80|50|230,29|7,6000|0,00|0,0000|17,50||0,00|
|C190|061|1653|0,00|230,29|0,00|0,00|0,00|0,00|0|00,00||
|C100|0|1|466725300001870|01|00|1|3470||18022026|20022026|139,00|1|0,00||139,00|0|0,00|0,00||0,00|0,00|0,00|0,00|0,00|2,29|10,56|||
|C170|1|902010196|CAMARA DE AR|1,0000|UND|25,00|0,00|1|090|1556|961|0,00|0,00|0,00|0,00|0,00|0,00|0|||0,00|0,00|0,00|56|25,00|1,6500|0,00|0,0000|0,41|56|25,00|7,6000|0,00|0,0000|1,90||0,00|
|C170|2|902010277|AJUNTADEIRA/PEDRISCO/PICARETA/PA/ENXADA/MACHADINHA/FACAO|1,0000|UN|52,00|0,00|1|090|1556|961|0,00|0,00|0,00|0,00|0,00|0,00|0|||0,00|0,00|0,00|56|52,00|1,6500|0,00|0,0000|0,86|56|52,00|7,6000|0,00|0,0000|3,95||0,00|
|C170|3|902010415|PNEU  2 LONA|1,0000|UN|62,00|0,00|1|090|1556|961|0,00|0,00|0,00|0,00|0,00|0,00|0|||0,00|0,00|0,00|56|62,00|1,6500|0,00|0,0000|1,02|56|62,00|7,6000|0,00|0,0000|4,71||0,00|
|C190|090|1556|0,00|139,00|0,00|0,00|0,00|0,00|0|00,00||
|C100|0|1|466845320001960|55|00|1|1779|41260246684532000196550010000017791026541443|19022026|21022026|240,21|1|0,00||240,21|0|0,00|0,00||0,00|0,00|0,00|0,00|0,00|3,96|18,26|||
|C170|1|902010340|VIGA U/CANTONEIRA/PERFIL|1,0000|UN|240,21|0,00|1|090|1556|961|0,00|0,00|0,00|0,00|0,00|0,00|0|||0,00|0,00|0,00|56|240,21|1,6500|0,00|0,0000|3,96|56|240,21|7,6000|0,00|0,0000|18,26||0,00|
|C190|090|1556|0,00|240,21|0,00|0,00|0,00|0,00|0|00,00||
|C100|0|1|473469440001890|55|00|1|732|41260147346944000189550010000007321019263054|30012026|10022026|122,00|1|0,00||122,00|0|0,00|0,00||0,00|0,00|0,00|0,00|0,00|0,00|0,00|||
|C170|1|904010001|MANUTENCAO E REPAROS|0,2000|UND|38,00|0,00|1|090|1556|917|0,00|0,00|0,00|0,00|0,00|0,00|0|||0,00|0,00|0,00|70|0,00|0,0000|0,00|0,0000|0,00|70|0,00|0,0000|0,00|0,0000|0,00||0,00|
|C170|2|904010001|MANUTENCAO E REPAROS|2,0000|UND|84,00|0,00|1|090|1556|917|0,00|0,00|0,00|0,00|0,00|0,00|0|||0,00|0,00|0,00|70|0,00|0,0000|0,00|0,0000|0,00|70|0,00|0,0000|0,00|0,0000|0,00||0,00|
|C190|090|1556|0,00|122,00|0,00|0,00|0,00|0,00|0|00,00||
|C100|0|1|503375500001790|55|00|1|775|41260150337550000179550010000007751000017802|14012026|11022026|300,00|1|0,00||300,00|0|0,00|0,00||0,00|0,00|0,00|0,00|0,00|4,95|22,80|||
|C170|1|904010005|COMBUSTIVEIS E LUBRIFICANTES|71,7710|UND|300,00|0,00|1|061|1653|9112|0,00|0,00|0,00|0,00|0,00|0,00|0|||0,00|0,00|0,00|50|300,00|1,6500|0,00|0,0000|4,95|50|300,00|7,6000|0,00|0,0000|22,80||0,00|
|C190|061|1653|0,00|300,00|0,00|0,00|0,00|0,00|0|00,00||
|C100|0|1|503375500001790|55|00|2|2300|41260250337550000179550020000023001000070793|01022026|02022026|201,13|1|0,00||201,13|0|0,00|0,00||0,00|0,00|0,00|0,00|0,00|3,32|15,29|||
|C170|1|904010005|COMBUSTIVEIS E LUBRIFICANTES|44,0110|UND|201,13|0,00|1|061|1653|9112|0,00|0,00|0,00|0,00|0,00|0,00|0|||0,00|0,00|0,00|50|201,13|1,6500|0,00|0,0000|3,32|50|201,13|7,6000|0,00|0,0000|15,29||0,00|
|C190|061|1653|0,00|201,13|0,00|0,00|0,00|0,00|0|00,00||
|C100|0|1|503375500001790|55|00|2|2304|41260250337550000179550020000023041005202930|02022026|02022026|325,90|1|0,00||325,90|0|0,00|0,00||0,00|0,00|0,00|0,00|0,00|5,38|24,76|||
|C170|1|904010005|COMBUSTIVEIS E LUBRIFICANTES|48,1400|UND|220,00|0,00|1|061|1653|9112|0,00|0,00|0,00|0,00|0,00|0,00|0|||0,00|0,00|0,00|50|220,00|1,6500|0,00|0,0000|3,63|50|220,00|7,6000|0,00|0,0000|16,72||0,00|
|C170|2|904010005|COMBUSTIVEIS E LUBRIFICANTES|10,0000|UND|61,90|0,00|1|061|1653|9112|0,00|0,00|0,00|0,00|0,00|0,00|0|||0,00|0,00|0,00|50|61,90|1,6500|0,00|0,0000|1,02|50|61,90|7,6000|0,00|0,0000|4,70||0,00|
|C170|3|904010005|COMBUSTIVEIS E LUBRIFICANTES|1,0000|UND|44,00|0,00|1|061|1653|9112|0,00|0,00|0,00|0,00|0,00|0,00|0|||0,00|0,00|0,00|50|44,00|1,6500|0,00|0,0000|0,73|50|44,00|7,6000|0,00|0,0000|3,34||0,00|
|C190|061|1653|0,00|325,90|0,00|0,00|0,00|0,00|0|00,00||
|C100|0|1|503375500001790|55|00|2|2367|41260250337550000179550020000023671000072191|10022026|11022026|222,77|1|0,00||222,77|0|0,00|0,00||0,00|0,00|0,00|0,00|0,00|3,68|16,93|||
|C170|1|904010005|COMBUSTIVEIS E LUBRIFICANTES|48,7460|UND|222,77|0,00|1|061|1653|9112|0,00|0,00|0,00|0,00|0,00|0,00|0|||0,00|0,00|0,00|50|222,77|1,6500|0,00|0,0000|3,68|50|222,77|7,6000|0,00|0,0000|16,93||0,00|
|C190|061|1653|0,00|222,77|0,00|0,00|0,00|0,00|0|00,00||
|C100|0|1|503375500001790|55|00|2|2369|41260250337550000179550020000023691005226922|10022026|13022026|696,33|1|0,00||696,33|0|0,00|0,00||0,00|0,00|0,00|0,00|0,00|11,49|52,92|||
|C170|1|904010005|COMBUSTIVEIS E LUBRIFICANTES|125,6910|UND|696,33|0,00|1|061|1653|9112|0,00|0,00|0,00|0,00|0,00|0,00|0|||0,00|0,00|0,00|50|696,33|1,6500|0,00|0,0000|11,49|50|696,33|7,6000|0,00|0,0000|52,92||0,00|
|C190|061|1653|0,00|696,33|0,00|0,00|0,00|0,00|0|00,00||
|C100|0|1|503375500001790|55|00|2|2426|41260250337550000179550020000024261005254975|20022026|28022026|246,04|1|0,00||246,04|0|0,00|0,00||0,00|0,00|0,00|0,00|0,00|4,06|18,70|||
|C170|1|904010005|COMBUSTIVEIS E LUBRIFICANTES|53,8380|UND|246,04|0,00|1|061|1653|9176|0,00|0,00|0,00|0,00|0,00|0,00|0|||0,00|0,00|0,00|50|246,04|1,6500|0,00|0,0000|4,06|50|246,04|7,6000|0,00|0,0000|18,70||0,00|
|C190|061|1653|0,00|246,04|0,00|0,00|0,00|0,00|0|00,00||
|C100|0|1|503375500001790|55|00|2|2430|41260250337550000179550020000024301005255737|20022026|21022026|442,75|1|0,00||442,75|0|0,00|0,00||0,00|0,00|0,00|0,00|0,00|7,30|33,65|||
|C170|1|904010005|COMBUSTIVEIS E LUBRIFICANTES|47,2670|UND|216,01|0,00|1|061|1653|9112|0,00|0,00|0,00|0,00|0,00|0,00|0|||0,00|0,00|0,00|50|216,01|1,6500|0,00|0,0000|3,56|50|216,01|7,6000|0,00|0,0000|16,42||0,00|
|C170|2|904010005|COMBUSTIVEIS E LUBRIFICANTES|49,6150|UND|226,74|0,00|1|061|1653|9112|0,00|0,00|0,00|0,00|0,00|0,00|0|||0,00|0,00|0,00|50|226,74|1,6500|0,00|0,0000|3,74|50|226,74|7,6000|0,00|0,0000|17,23||0,00|
|C190|061|1653|0,00|442,75|0,00|0,00|0,00|0,00|0|00,00||
|C100|0|1|503375500001790|55|00|3|4995|41260250337550000179550030000049951005211214|05022026|06022026|184,63|1|0,00||184,63|0|0,00|0,00||0,00|0,00|0,00|0,00|0,00|3,05|14,03|||
|C170|1|904010005|COMBUSTIVEIS E LUBRIFICANTES|40,4000|UND|184,63|0,00|1|061|1653|9112|0,00|0,00|0,00|0,00|0,00|0,00|0|||0,00|0,00|0,00|50|184,63|1,6500|0,00|0,0000|3,05|50|184,63|7,6000|0,00|0,0000|14,03||0,00|
|C190|061|1653|0,00|184,63|0,00|0,00|0,00|0,00|0|00,00||
|C100|0|1|503375500001790|55|00|3|5020|41260250337550000179550030000050201000071796|09022026|13022026|215,02|1|0,00||215,02|0|0,00|0,00||0,00|0,00|0,00|0,00|0,00|3,55|16,34|||
|C170|1|904010005|COMBUSTIVEIS E LUBRIFICANTES|47,0500|UND|215,02|0,00|1|061|1653|9112|0,00|0,00|0,00|0,00|0,00|0,00|0|||0,00|0,00|0,00|50|215,02|1,6500|0,00|0,0000|3,55|50|215,02|7,6000|0,00|0,0000|16,34||0,00|
|C190|061|1653|0,00|215,02|0,00|0,00|0,00|0,00|0|00,00||
|C100|0|1|503375500001790|55|00|3|5053|41260250337550000179550030000050531000072670|13022026|16022026|185,24|1|0,00||185,24|0|0,00|0,00||0,00|0,00|0,00|0,00|0,00|3,06|14,08|||
|C170|1|904010005|COMBUSTIVEIS E LUBRIFICANTES|40,5340|UND|185,24|0,00|1|061|1653|9112|0,00|0,00|0,00|0,00|0,00|0,00|0|||0,00|0,00|0,00|50|185,24|1,6500|0,00|0,0000|3,06|50|185,24|7,6000|0,00|0,0000|14,08||0,00|
|C190|061|1653|0,00|185,24|0,00|0,00|0,00|0,00|0|00,00||
|C100|0|1|503375500001790|55|00|3|5068|41260250337550000179550030000050681000073059|17022026|19022026|141,77|1|0,00||141,77|0|0,00|0,00||0,00|0,00|0,00|0,00|0,00|2,34|10,77|||
|C170|1|904010005|COMBUSTIVEIS E LUBRIFICANTES|31,0220|UND|141,77|0,00|1|061|1653|9112|0,00|0,00|0,00|0,00|0,00|0,00|0|||0,00|0,00|0,00|50|141,77|1,6500|0,00|0,0000|2,34|50|141,77|7,6000|0,00|0,0000|10,77||0,00|
|C190|061|1653|0,00|141,77|0,00|0,00|0,00|0,00|0|00,00||
|C100|0|1|503375500001790|55|00|3|5111|41260250337550000179550030000051111005266214|24022026|27022026|777,20|1|0,00||777,20|0|0,00|0,00||0,00|0,00|0,00|0,00|0,00|12,82|59,07|||
|C170|1|902010032|OLEO DIESEL/GRAXA/OLEO DE MAQUINA/PREMALUBE/LIMPA CONTATO|1,0000|LTS|44,00|0,00|1|090|1556|961|0,00|0,00|0,00|0,00|0,00|0,00|0|||0,00|0,00|0,00|56|44,00|1,6500|0,00|0,0000|0,73|56|44,00|7,6000|0,00|0,0000|3,34||0,00|
|C170|2|904010005|COMBUSTIVEIS E LUBRIFICANTES|11,1950|UND|69,30|0,00|1|061|1653|9112|0,00|0,00|0,00|0,00|0,00|0,00|0|||0,00|0,00|0,00|50|69,30|1,6500|0,00|0,0000|1,14|50|69,30|7,6000|0,00|0,0000|5,27||0,00|
|C170|3|904010005|COMBUSTIVEIS E LUBRIFICANTES|119,8380|UND|663,90|0,00|1|061|1653|9112|0,00|0,00|0,00|0,00|0,00|0,00|0|||0,00|0,00|0,00|50|663,90|1,6500|0,00|0,0000|10,95|50|663,90|7,6000|0,00|0,0000|50,46||0,00|
|C190|061|1653|0,00|733,20|0,00|0,00|0,00|0,00|0|00,00||
|C190|090|1556|0,00|44,00|0,00|0,00|0,00|0,00|0|00,00||
|C100|0|1|503375500001790|55|00|3|5133|41260250337550000179550030000051331005273404|27022026|28022026|204,01|1|0,00||204,01|0|0,00|0,00||0,00|0,00|0,00|0,00|0,00|3,37|15,50|||
|C170|1|904010005|COMBUSTIVEIS E LUBRIFICANTES|45,8450|UND|204,01|0,00|1|061|1653|9112|0,00|0,00|0,00|0,00|0,00|0,00|0|||0,00|0,00|0,00|50|204,01|1,6500|0,00|0,0000|3,37|50|204,01|7,6000|0,00|0,0000|15,50||0,00|
|C190|061|1653|0,00|204,01|0,00|0,00|0,00|0,00|0|00,00||
|C100|0|1|503375500001790|55|00|3|5141|41260250337550000179550030000051411005274038|27022026|28022026|1108,00|1|0,00||1108,00|0|0,00|0,00||0,00|0,00|0,00|0,00|0,00|18,28|84,21|||
|C170|1|904010005|COMBUSTIVEIS E LUBRIFICANTES|200,0000|UND|1108,00|0,00|1|061|1653|9112|0,00|0,00|0,00|0,00|0,00|0,00|0|||0,00|0,00|0,00|50|1108,00|1,6500|0,00|0,0000|18,28|50|1108,00|7,6000|0,00|0,0000|84,21||0,00|
|C190|061|1653|0,00|1108,00|0,00|0,00|0,00|0,00|0|00,00||
|C100|0|1|532582319150|55|00|921|60|41260100053258231915559210000000601894683146|30012026|03022026|72097,98|1|0,00||72097,98|0|0,00|0,00||0,00|0,00|0,00|0,00|0,00|356,89|1643,83|||
|C170|1|101010001|SOJA EM GRAOS|36660,0000|KG|72097,98|0,00|0|051|1102|19|0,00|0,00|0,00|0,00|0,00|0,00|0|||0,00|0,00|0,00|60|72097,98|0,4950|0,00|0,0000|356,89|60|72097,98|2,2800|0,00|0,0000|1643,83||0,00|
|C190|051|1102|0,00|72097,98|0,00|0,00|0,00|0,00|0|00,00||
|C100|0|1|569114890001080|55|00|1|233|41260256911489000108550010000002331651412959|18022026|28022026|36510,72|1|0,00||36510,72|0|0,00|0,00||0,00|0,00|0,00|0,00|0,00|0,00|0,00|||
|C170|1|101010001|SOJA EM GRAOS|19016,0000|KG|36510,72|0,00|0|051|1102|14|0,00|0,00|0,00|0,00|0,00|0,00|0|||0,00|0,00|0,00|70|0,00|0,0000|0,00|0,0000|0,00|70|0,00|0,0000|0,00|0,0000|0,00||0,00|
|C190|051|1102|0,00|36510,72|0,00|0,00|0,00|0,00|0|00,00||
|C100|0|1|569114890001080|55|00|1|234|41260256911489000108550010000002341266592125|19022026|28022026|34483,20|1|0,00||34483,20|0|0,00|0,00||0,00|0,00|0,00|0,00|0,00|0,00|0,00|||
|C170|1|101010001|SOJA EM GRAOS|17960,0000|KG|34483,20|0,00|0|051|1102|14|0,00|0,00|0,00|0,00|0,00|0,00|0|||0,00|0,00|0,00|70|0,00|0,0000|0,00|0,0000|0,00|70|0,00|0,0000|0,00|0,0000|0,00||0,00|
|C190|051|1102|0,00|34483,20|0,00|0,00|0,00|0,00|0|00,00||
|C100|0|1|569114890001080|55|00|1|237|41260256911489000108550010000002371766446430|19022026|28022026|50797,44|1|0,00||50797,44|0|0,00|0,00||0,00|0,00|0,00|0,00|0,00|0,00|0,00|||
|C170|1|101010001|SOJA EM GRAOS|26457,0000|KG|50797,44|0,00|0|051|1102|14|0,00|0,00|0,00|0,00|0,00|0,00|0|||0,00|0,00|0,00|70|0,00|0,0000|0,00|0,0000|0,00|70|0,00|0,0000|0,00|0,0000|0,00||0,00|
|C190|051|1102|0,00|50797,44|0,00|0,00|0,00|0,00|0|00,00||
|C100|0|1|569114890001080|55|00|1|239|41260256911489000108550010000002391149947691|26022026|28022026|85486,40|1|0,00||85486,40|0|0,00|0,00||0,00|0,00|0,00|0,00|0,00|0,00|0,00|||
|C170|1|101010001|SOJA EM GRAOS|46460,0000|KG|85486,40|0,00|0|051|1102|14|0,00|0,00|0,00|0,00|0,00|0,00|0|||0,00|0,00|0,00|70|0,00|0,0000|0,00|0,0000|0,00|70|0,00|0,0000|0,00|0,0000|0,00||0,00|
|C190|051|1102|0,00|85486,40|0,00|0,00|0,00|0,00|0|00,00||
|C100|1|0|569114890001080|55|00|1|855|41260262780383000115550010000008551421646348|28022026|28022026|6600,00|1|0,00||6600,00|0|0,00|0,00||0,00|0,00|0,00|0,00|0,00|0,00|0,00|||
|C190|051|5102|0,00|6600,00|0,00|0,00|0,00|0,00|0|00,00||
|C100|0|1|572515370001410|01|00|1|2756||20022026|28022026|261,51|1|0,00||261,51|0|0,00|0,00||0,00|0,00|0,00|0,00|0,00|4,31|19,87|||
|C170|1|904010005|COMBUSTIVEIS E LUBRIFICANTES|53,4800|UND|261,51|0,00|1|061|1653|9176|0,00|0,00|0,00|0,00|0,00|0,00|0|||0,00|0,00|0,00|50|261,51|1,6500|0,00|0,0000|4,31|50|261,51|7,6000|0,00|0,0000|19,87||0,00|
|C190|061|1653|0,00|261,51|0,00|0,00|0,00|0,00|0|00,00||
|C100|0|1|593564810001150|55|00|895|7804182|41260278393592000146558950078041821329848652|06022026|10022026|1732,00|1|0,00||1732,00|0|0,00|0,00||0,00|0,00|0,00|0,00|0,00|0,00|0,00|||
|C170|1|904010010|REFEICOES/DIARIAS|102,0000|UND|1732,00|0,00|1|090|1556|9124|0,00|0,00|0,00|0,00|0,00|0,00|0|||0,00|0,00|0,00|70|0,00|0,0000|0,00|0,0000|0,00|70|0,00|0,0000|0,00|0,0000|0,00||0,00|
|C190|090|1556|0,00|1732,00|0,00|0,00|0,00|0,00|0|00,00||
|C100|1|0|627478400001700|55|00|1|787|41260262780383000115550010000007871171221769|26022026|26022026|69040,00|1|0,00||69040,00|0|0,00|0,00||0,00|0,00|0,00|0,00|0,00|0,00|0,00|||
|C190|051|5102|0,00|69040,00|0,00|0,00|0,00|0,00|0|00,00||
|C100|1|0|627478400001700|55|00|1|791|41260262780383000115550010000007911980169321|26022026|26022026|74960,00|1|0,00||74960,00|0|0,00|0,00||0,00|0,00|0,00|0,00|0,00|0,00|0,00|||
|C190|051|5102|0,00|74960,00|0,00|0,00|0,00|0,00|0|00,00||
|C100|1|0|627478400001700|55|00|1|795|41260262780383000115550010000007951083677355|26022026|26022026|70400,00|1|0,00||70400,00|0|0,00|0,00||0,00|0,00|0,00|0,00|0,00|0,00|0,00|||
|C190|051|5102|0,00|70400,00|0,00|0,00|0,00|0,00|0|00,00||
|C100|1|0|627478400001700|55|00|1|796|41260262780383000115550010000007961131187003|26022026|26022026|79160,00|1|0,00||79160,00|0|0,00|0,00||0,00|0,00|0,00|0,00|0,00|0,00|0,00|||
|C190|051|5102|0,00|79160,00|0,00|0,00|0,00|0,00|0|00,00||
|C100|1|0|627478400001700|55|00|1|798|41260262780383000115550010000007981713515229|26022026|26022026|81720,00|1|0,00||81720,00|0|0,00|0,00||0,00|0,00|0,00|0,00|0,00|0,00|0,00|||
|C190|051|5102|0,00|81720,00|0,00|0,00|0,00|0,00|0|00,00||
|C100|1|0|627478400001700|55|00|1|817|41260262780383000115550010000008171734403524|27022026|27022026|80080,00|1|0,00||80080,00|0|0,00|0,00||0,00|0,00|0,00|0,00|0,00|0,00|0,00|||
|C190|051|5102|0,00|80080,00|0,00|0,00|0,00|0,00|0|00,00||
|C100|1|0|627478400001700|55|00|1|823|41260262780383000115550010000008231220424204|27022026|27022026|71440,00|1|0,00||71440,00|0|0,00|0,00||0,00|0,00|0,00|0,00|0,00|0,00|0,00|||
|C190|051|5102|0,00|71440,00|0,00|0,00|0,00|0,00|0|00,00||
|C100|1|0|627478400001700|55|00|1|824|41260262780383000115550010000008241905555018|27022026|27022026|71520,00|1|0,00||71520,00|0|0,00|0,00||0,00|0,00|0,00|0,00|0,00|0,00|0,00|||
|C190|051|5102|0,00|71520,00|0,00|0,00|0,00|0,00|0|00,00||
|C100|1|0|627478400001700|55|00|1|825|41260262780383000115550010000008251423257161|27022026|27022026|79640,00|1|0,00||79640,00|0|0,00|0,00||0,00|0,00|0,00|0,00|0,00|0,00|0,00|||
|C190|051|5102|0,00|79640,00|0,00|0,00|0,00|0,00|0|00,00||
|C100|1|0|627478400001700|55|00|1|827|41260262780383000115550010000008271321478910|27022026|27022026|79560,00|1|0,00||79560,00|0|0,00|0,00||0,00|0,00|0,00|0,00|0,00|0,00|0,00|||
|C190|051|5102|0,00|79560,00|0,00|0,00|0,00|0,00|0|00,00||
|C100|1|0|627478400001700|55|00|1|853|41260262780383000115550010000008531260443640|28022026|28022026|63560,00|1|0,00||63560,00|0|0,00|0,00||0,00|0,00|0,00|0,00|0,00|0,00|0,00|||
|C190|051|5102|0,00|63560,00|0,00|0,00|0,00|0,00|0|00,00||
|C100|1|0|627478400001700|55|00|1|856|41260262780383000115550010000008561130417617|28022026|28022026|101200,00|1|0,00||101200,00|0|0,00|0,00||0,00|0,00|0,00|0,00|0,00|0,00|0,00|||
|C190|051|5102|0,00|101200,00|0,00|0,00|0,00|0,00|0|00,00||
|C100|1|0|627478400001700|55|00|1|857|41260262780383000115550010000008571661782372|28022026|28022026|63040,00|1|0,00||63040,00|0|0,00|0,00||0,00|0,00|0,00|0,00|0,00|0,00|0,00|||
|C190|051|5102|0,00|63040,00|0,00|0,00|0,00|0,00|0|00,00||
|C100|1|0|627478400001700|55|00|1|859|41260262780383000115550010000008591824438815|28022026|28022026|76960,00|1|0,00||76960,00|0|0,00|0,00||0,00|0,00|0,00|0,00|0,00|0,00|0,00|||
|C190|051|5102|0,00|76960,00|0,00|0,00|0,00|0,00|0|00,00||
|C100|1|0|627478400001700|55|00|1|860|41260262780383000115550010000008601160302152|28022026|28022026|76720,00|1|0,00||76720,00|0|0,00|0,00||0,00|0,00|0,00|0,00|0,00|0,00|0,00|||
|C190|051|5102|0,00|76720,00|0,00|0,00|0,00|0,00|0|00,00||
|C100|1|0|627478400001700|55|00|1|861|41260262780383000115550010000008611166115300|28022026|28022026|71400,00|1|0,00||71400,00|0|0,00|0,00||0,00|0,00|0,00|0,00|0,00|0,00|0,00|||
|C190|051|5102|0,00|71400,00|0,00|0,00|0,00|0,00|0|00,00||
|C100|1|0|633582100001760|55|00|1|735|41260262780383000115550010000007351291618597|25022026|25022026|101166,00|1|0,00||101166,00|0|0,00|0,00||0,00|0,00|0,00|0,00|0,00|0,00|0,00|||
|C190|051|5102|0,00|101166,00|0,00|0,00|0,00|0,00|0|00,00||
|C100|1|0|633582100001760|55|00|1|736|41260262780383000115550010000007361213259379|25022026|25022026|102024,00|1|0,00||102024,00|0|0,00|0,00||0,00|0,00|0,00|0,00|0,00|0,00|0,00|||
|C190|051|5102|0,00|102024,00|0,00|0,00|0,00|0,00|0|00,00||
|C100|1|0|633582100001760|55|00|1|737|41260262780383000115550010000007371153704506|25022026|25022026|98865,00|1|0,00||98865,00|0|0,00|0,00||0,00|0,00|0,00|0,00|0,00|0,00|0,00|||
|C190|051|5102|0,00|98865,00|0,00|0,00|0,00|0,00|0|00,00||
|C100|1|0|633582100001760|55|00|1|738|41260262780383000115550010000007381463134187|25022026|25022026|100191,00|1|0,00||100191,00|0|0,00|0,00||0,00|0,00|0,00|0,00|0,00|0,00|0,00|||
|C190|051|5102|0,00|100191,00|0,00|0,00|0,00|0,00|0|00,00||
|C100|1|0|633582100001760|55|00|1|739|41260262780383000115550010000007391386061300|25022026|25022026|103194,00|1|0,00||103194,00|0|0,00|0,00||0,00|0,00|0,00|0,00|0,00|0,00|0,00|||
|C190|051|5102|0,00|103194,00|0,00|0,00|0,00|0,00|0|00,00||
|C100|1|0|633582100001760|55|00|1|740|41260262780383000115550010000007401318792304|25022026|25022026|101010,00|1|0,00||101010,00|0|0,00|0,00||0,00|0,00|0,00|0,00|0,00|0,00|0,00|||
|C190|051|5102|0,00|101010,00|0,00|0,00|0,00|0,00|0|00,00||
|C100|1|0|633582100001760|55|00|1|743|41260262780383000115550010000007431549378190|26022026|26022026|97929,00|1|0,00||97929,00|0|0,00|0,00||0,00|0,00|0,00|0,00|0,00|0,00|0,00|||
|C190|051|5102|0,00|97929,00|0,00|0,00|0,00|0,00|0|00,00||
|C100|1|0|633582100001760|55|00|1|744|41260262780383000115550010000007441029322359|26022026|26022026|99801,00|1|0,00||99801,00|0|0,00|0,00||0,00|0,00|0,00|0,00|0,00|0,00|0,00|||
|C190|051|5102|0,00|99801,00|0,00|0,00|0,00|0,00|0|00,00||
|C100|1|0|633582100001760|55|00|1|745|41260262780383000115550010000007451840293426|26022026|26022026|99216,00|1|0,00||99216,00|0|0,00|0,00||0,00|0,00|0,00|0,00|0,00|0,00|0,00|||
|C190|051|5102|0,00|99216,00|0,00|0,00|0,00|0,00|0|00,00||
|C100|1|0|633582100001760|55|00|1|746|41260262780383000115550010000007461416669632|26022026|26022026|99099,00|1|0,00||99099,00|0|0,00|0,00||0,00|0,00|0,00|0,00|0,00|0,00|0,00|||
|C190|051|5102|0,00|99099,00|0,00|0,00|0,00|0,00|0|00,00||
|C100|1|0|633582100001760|55|00|1|747|41260262780383000115550010000007471724220358|26022026|26022026|102960,00|1|0,00||102960,00|0|0,00|0,00||0,00|0,00|0,00|0,00|0,00|0,00|0,00|||
|C190|051|5102|0,00|102960,00|0,00|0,00|0,00|0,00|0|00,00||
|C100|1|0|633582100001760|55|00|1|748|41260262780383000115550010000007481593559915|26022026|26022026|103272,00|1|0,00||103272,00|0|0,00|0,00||0,00|0,00|0,00|0,00|0,00|0,00|0,00|||
|C190|051|5102|0,00|103272,00|0,00|0,00|0,00|0,00|0|00,00||
|C100|1|0|633582100001760|55|00|1|749|41260262780383000115550010000007491533725956|26022026|26022026|98982,00|1|0,00||98982,00|0|0,00|0,00||0,00|0,00|0,00|0,00|0,00|0,00|0,00|||
|C190|051|5102|0,00|98982,00|0,00|0,00|0,00|0,00|0|00,00||
|C100|1|0|633582100001760|55|00|1|750|41260262780383000115550010000007501969104011|26022026|26022026|100269,00|1|0,00||100269,00|0|0,00|0,00||0,00|0,00|0,00|0,00|0,00|0,00|0,00|||
|C190|051|5102|0,00|100269,00|0,00|0,00|0,00|0,00|0|00,00||
|C100|1|0|633582100001760|55|00|1|751|41260262780383000115550010000007511818603377|26022026|26022026|99138,00|1|0,00||99138,00|0|0,00|0,00||0,00|0,00|0,00|0,00|0,00|0,00|0,00|||
|C190|051|5102|0,00|99138,00|0,00|0,00|0,00|0,00|0|00,00||
|C100|1|0|633582100001760|55|00|1|752|41260262780383000115550010000007521862216208|26022026|26022026|100854,00|1|0,00||100854,00|0|0,00|0,00||0,00|0,00|0,00|0,00|0,00|0,00|0,00|||
|C190|051|5102|0,00|100854,00|0,00|0,00|0,00|0,00|0|00,00||
|C100|1|0|633582100001760|55|00|1|753|41260262780383000115550010000007531313577900|26022026|26022026|101127,00|1|0,00||101127,00|0|0,00|0,00||0,00|0,00|0,00|0,00|0,00|0,00|0,00|||
|C190|051|5102|0,00|101127,00|0,00|0,00|0,00|0,00|0|00,00||
|C100|1|0|633582100001760|55|00|1|754|41260262780383000115550010000007541403332830|26022026|26022026|102414,00|1|0,00||102414,00|0|0,00|0,00||0,00|0,00|0,00|0,00|0,00|0,00|0,00|||
|C190|051|5102|0,00|102414,00|0,00|0,00|0,00|0,00|0|00,00||
|C100|1|0|633582100001760|55|00|1|758|41260262780383000115550010000007581635576894|26022026|26022026|99294,00|1|0,00||99294,00|0|0,00|0,00||0,00|0,00|0,00|0,00|0,00|0,00|0,00|||
|C190|051|5102|0,00|99294,00|0,00|0,00|0,00|0,00|0|00,00||
|C100|1|0|633582100001760|55|00|1|759|41260262780383000115550010000007591852406960|26022026|26022026|98163,00|1|0,00||98163,00|0|0,00|0,00||0,00|0,00|0,00|0,00|0,00|0,00|0,00|||
|C190|051|5102|0,00|98163,00|0,00|0,00|0,00|0,00|0|00,00||
|C100|1|0|633582100001760|55|00|1|760|41260262780383000115550010000007601634101076|26022026|26022026|102882,00|1|0,00||102882,00|0|0,00|0,00||0,00|0,00|0,00|0,00|0,00|0,00|0,00|||
|C190|051|5102|0,00|102882,00|0,00|0,00|0,00|0,00|0|00,00||
|C100|1|0|633582100001760|55|00|1|761|41260262780383000115550010000007611437448143|26022026|26022026|97968,00|1|0,00||97968,00|0|0,00|0,00||0,00|0,00|0,00|0,00|0,00|0,00|0,00|||
|C190|051|5102|0,00|97968,00|0,00|0,00|0,00|0,00|0|00,00||
|C100|1|0|633582100001760|55|00|1|762|41260262780383000115550010000007621831240936|26022026|26022026|101049,00|1|0,00||101049,00|0|0,00|0,00||0,00|0,00|0,00|0,00|0,00|0,00|0,00|||
|C190|051|5102|0,00|101049,00|0,00|0,00|0,00|0,00|0|00,00||
|C100|1|0|633582100001760|55|00|1|763|41260262780383000115550010000007631182739681|26022026|26022026|100932,00|1|0,00||100932,00|0|0,00|0,00||0,00|0,00|0,00|0,00|0,00|0,00|0,00|||
|C190|051|5102|0,00|100932,00|0,00|0,00|0,00|0,00|0|00,00||
|C100|1|0|633582100001760|55|00|1|764|41260262780383000115550010000007641223198377|26022026|26022026|102726,00|1|0,00||102726,00|0|0,00|0,00||0,00|0,00|0,00|0,00|0,00|0,00|0,00|||
|C190|051|5102|0,00|102726,00|0,00|0,00|0,00|0,00|0|00,00||
|C100|1|0|633582100001760|55|00|1|765|41260262780383000115550010000007651782612610|26022026|26022026|99606,00|1|0,00||99606,00|0|0,00|0,00||0,00|0,00|0,00|0,00|0,00|0,00|0,00|||
|C190|051|5102|0,00|99606,00|0,00|0,00|0,00|0,00|0|00,00||
|C100|1|0|633582100001760|55|00|1|766|41260262780383000115550010000007661101224548|26022026|26022026|98358,00|1|0,00||98358,00|0|0,00|0,00||0,00|0,00|0,00|0,00|0,00|0,00|0,00|||
|C190|051|5102|0,00|98358,00|0,00|0,00|0,00|0,00|0|00,00||
|C100|1|0|633582100001760|55|00|1|767|41260262780383000115550010000007671231262498|26022026|26022026|101049,00|1|0,00||101049,00|0|0,00|0,00||0,00|0,00|0,00|0,00|0,00|0,00|0,00|||
|C190|051|5102|0,00|101049,00|0,00|0,00|0,00|0,00|0|00,00||
|C100|1|0|633582100001760|55|00|1|768|41260262780383000115550010000007681613364106|26022026|26022026|98670,00|1|0,00||98670,00|0|0,00|0,00||0,00|0,00|0,00|0,00|0,00|0,00|0,00|||
|C190|051|5102|0,00|98670,00|0,00|0,00|0,00|0,00|0|00,00||
|C100|1|0|633582100001760|55|00|1|769|41260262780383000115550010000007691613829149|26022026|26022026|99567,00|1|0,00||99567,00|0|0,00|0,00||0,00|0,00|0,00|0,00|0,00|0,00|0,00|||
|C190|051|5102|0,00|99567,00|0,00|0,00|0,00|0,00|0|00,00||
|C100|1|0|633582100001760|55|00|1|770|41260262780383000115550010000007701391406698|26022026|26022026|98124,00|1|0,00||98124,00|0|0,00|0,00||0,00|0,00|0,00|0,00|0,00|0,00|0,00|||
|C190|051|5102|0,00|98124,00|0,00|0,00|0,00|0,00|0|00,00||
|C100|1|0|633582100001760|55|00|1|771|41260262780383000115550010000007711435233090|26022026|26022026|100074,00|1|0,00||100074,00|0|0,00|0,00||0,00|0,00|0,00|0,00|0,00|0,00|0,00|||
|C190|051|5102|0,00|100074,00|0,00|0,00|0,00|0,00|0|00,00||
|C100|1|0|633582100001760|55|00|1|772|41260262780383000115550010000007721918369775|26022026|26022026|97890,00|1|0,00||97890,00|0|0,00|0,00||0,00|0,00|0,00|0,00|0,00|0,00|0,00|||
|C190|051|5102|0,00|97890,00|0,00|0,00|0,00|0,00|0|00,00||
|C100|1|0|633582100001760|55|00|1|773|41260262780383000115550010000007731063013306|26022026|26022026|101244,00|1|0,00||101244,00|0|0,00|0,00||0,00|0,00|0,00|0,00|0,00|0,00|0,00|||
|C190|051|5102|0,00|101244,00|0,00|0,00|0,00|0,00|0|00,00||
|C100|1|0|633582100001760|55|00|1|774|41260262780383000115550010000007741995515467|26022026|26022026|100425,00|1|0,00||100425,00|0|0,00|0,00||0,00|0,00|0,00|0,00|0,00|0,00|0,00|||
|C190|051|5102|0,00|100425,00|0,00|0,00|0,00|0,00|0|00,00||
|C100|1|0|633582100001760|55|00|1|776|41260262780383000115550010000007761567268725|26022026|26022026|100386,00|1|0,00||100386,00|0|0,00|0,00||0,00|0,00|0,00|0,00|0,00|0,00|0,00|||
|C190|051|5102|0,00|100386,00|0,00|0,00|0,00|0,00|0|00,00||
|C100|1|0|633582100001760|55|00|1|777|41260262780383000115550010000007771614961107|26022026|26022026|101205,00|1|0,00||101205,00|0|0,00|0,00||0,00|0,00|0,00|0,00|0,00|0,00|0,00|||
|C190|051|5102|0,00|101205,00|0,00|0,00|0,00|0,00|0|00,00||
|C100|1|0|633582100001760|55|00|1|778|41260262780383000115550010000007781672124244|26022026|26022026|103311,00|1|0,00||103311,00|0|0,00|0,00||0,00|0,00|0,00|0,00|0,00|0,00|0,00|||
|C190|051|5102|0,00|103311,00|0,00|0,00|0,00|0,00|0|00,00||
|C100|1|0|633582100001760|55|00|1|781|41260262780383000115550010000007811098518350|26022026|26022026|103389,00|1|0,00||103389,00|0|0,00|0,00||0,00|0,00|0,00|0,00|0,00|0,00|0,00|||
|C190|051|5102|0,00|103389,00|0,00|0,00|0,00|0,00|0|00,00||
|C100|1|0|633582100001760|55|00|1|782|41260262780383000115550010000007821937242374|26022026|26022026|98592,00|1|0,00||98592,00|0|0,00|0,00||0,00|0,00|0,00|0,00|0,00|0,00|0,00|||
|C190|051|5102|0,00|98592,00|0,00|0,00|0,00|0,00|0|00,00||
|C100|1|0|633582100001760|55|00|1|783|41260262780383000115550010000007831900976509|26022026|26022026|98358,00|1|0,00||98358,00|0|0,00|0,00||0,00|0,00|0,00|0,00|0,00|0,00|0,00|||
|C190|051|5102|0,00|98358,00|0,00|0,00|0,00|0,00|0|00,00||
|C100|1|0|633582100001760|55|00|1|784|41260262780383000115550010000007841311385651|26022026|26022026|102453,00|1|0,00||102453,00|0|0,00|0,00||0,00|0,00|0,00|0,00|0,00|0,00|0,00|||
|C190|051|5102|0,00|102453,00|0,00|0,00|0,00|0,00|0|00,00||
|C100|1|0|633582100001760|55|00|1|785|41260262780383000115550010000007851829811314|26022026|26022026|99840,00|1|0,00||99840,00|0|0,00|0,00||0,00|0,00|0,00|0,00|0,00|0,00|0,00|||
|C190|051|5102|0,00|99840,00|0,00|0,00|0,00|0,00|0|00,00||
|C100|1|0|633582100001760|55|00|1|786|41260262780383000115550010000007861841222452|26022026|26022026|98865,00|1|0,00||98865,00|0|0,00|0,00||0,00|0,00|0,00|0,00|0,00|0,00|0,00|||
|C190|051|5102|0,00|98865,00|0,00|0,00|0,00|0,00|0|00,00||
|C100|1|0|633582100001760|55|00|1|788|41260262780383000115550010000007881969033871|26022026|26022026|101907,00|1|0,00||101907,00|0|0,00|0,00||0,00|0,00|0,00|0,00|0,00|0,00|0,00|||
|C190|051|5102|0,00|101907,00|0,00|0,00|0,00|0,00|0|00,00||
|C100|1|0|633582100001760|55|00|1|802|41260262780383000115550010000008021421291937|27022026|27022026|98007,00|1|0,00||98007,00|0|0,00|0,00||0,00|0,00|0,00|0,00|0,00|0,00|0,00|||
|C190|051|5102|0,00|98007,00|0,00|0,00|0,00|0,00|0|00,00||
|C100|1|0|633582100001760|55|00|1|803|41260262780383000115550010000008031220195580|27022026|27022026|97968,00|1|0,00||97968,00|0|0,00|0,00||0,00|0,00|0,00|0,00|0,00|0,00|0,00|||
|C190|051|5102|0,00|97968,00|0,00|0,00|0,00|0,00|0|00,00||
|C100|1|0|633582100001760|55|00|1|804|41260262780383000115550010000008041622919725|27022026|27022026|100113,00|1|0,00||100113,00|0|0,00|0,00||0,00|0,00|0,00|0,00|0,00|0,00|0,00|||
|C190|051|5102|0,00|100113,00|0,00|0,00|0,00|0,00|0|00,00||
|C100|1|0|633582100001760|55|00|1|805|41260262780383000115550010000008051123416849|27022026|27022026|103038,00|1|0,00||103038,00|0|0,00|0,00||0,00|0,00|0,00|0,00|0,00|0,00|0,00|||
|C190|051|5102|0,00|103038,00|0,00|0,00|0,00|0,00|0|00,00||
|C100|1|0|633582100001760|55|00|1|806|41260262780383000115550010000008061841111639|27022026|27022026|98709,00|1|0,00||98709,00|0|0,00|0,00||0,00|0,00|0,00|0,00|0,00|0,00|0,00|||
|C190|051|5102|0,00|98709,00|0,00|0,00|0,00|0,00|0|00,00||
|C100|1|0|633582100001760|55|00|1|807|41260262780383000115550010000008071813844012|27022026|27022026|99138,00|1|0,00||99138,00|0|0,00|0,00||0,00|0,00|0,00|0,00|0,00|0,00|0,00|||
|C190|051|5102|0,00|99138,00|0,00|0,00|0,00|0,00|0|00,00||
|C100|1|0|633582100001760|55|00|1|808|41260262780383000115550010000008081142414505|27022026|27022026|99723,00|1|0,00||99723,00|0|0,00|0,00||0,00|0,00|0,00|0,00|0,00|0,00|0,00|||
|C190|051|5102|0,00|99723,00|0,00|0,00|0,00|0,00|0|00,00||
|C100|1|0|633582100001760|55|00|1|809|41260262780383000115550010000008091146222110|27022026|27022026|99138,00|1|0,00||99138,00|0|0,00|0,00||0,00|0,00|0,00|0,00|0,00|0,00|0,00|||
|C190|051|5102|0,00|99138,00|0,00|0,00|0,00|0,00|0|00,00||
|C100|1|0|633582100001760|55|00|1|810|41260262780383000115550010000008101888752323|27022026|27022026|100971,00|1|0,00||100971,00|0|0,00|0,00||0,00|0,00|0,00|0,00|0,00|0,00|0,00|||
|C190|051|5102|0,00|100971,00|0,00|0,00|0,00|0,00|0|00,00||
|C100|1|0|633582100001760|55|00|1|812|41260262780383000115550010000008121947416651|27022026|27022026|97812,00|1|0,00||97812,00|0|0,00|0,00||0,00|0,00|0,00|0,00|0,00|0,00|0,00|||
|C190|051|5102|0,00|97812,00|0,00|0,00|0,00|0,00|0|00,00||
|C100|1|0|633582100001760|55|00|1|813|41260262780383000115550010000008131677376986|27022026|27022026|101595,00|1|0,00||101595,00|0|0,00|0,00||0,00|0,00|0,00|0,00|0,00|0,00|0,00|||
|C190|051|5102|0,00|101595,00|0,00|0,00|0,00|0,00|0|00,00||
|C100|1|0|633582100001760|55|00|1|814|41260262780383000115550010000008141973862803|27022026|27022026|100503,00|1|0,00||100503,00|0|0,00|0,00||0,00|0,00|0,00|0,00|0,00|0,00|0,00|||
|C190|051|5102|0,00|100503,00|0,00|0,00|0,00|0,00|0|00,00||
|C100|1|0|633582100001760|55|00|1|815|41260262780383000115550010000008151124476604|27022026|27022026|100464,00|1|0,00||100464,00|0|0,00|0,00||0,00|0,00|0,00|0,00|0,00|0,00|0,00|||
|C190|051|5102|0,00|100464,00|0,00|0,00|0,00|0,00|0|00,00||
|C100|1|0|633582100001760|55|00|1|816|41260262780383000115550010000008161216204322|27022026|27022026|102921,00|1|0,00||102921,00|0|0,00|0,00||0,00|0,00|0,00|0,00|0,00|0,00|0,00|||
|C190|051|5102|0,00|102921,00|0,00|0,00|0,00|0,00|0|00,00||
|C100|0|1|638475130001520|55|00|1|565|52260163847513000152550010000005651201814650|24012026|05022026|58153,30|1|0,00||58153,30|0|0,00|0,00||58153,30|6978,40|0,00|0,00|0,00|959,53|4419,65|||
|C170|1|101020001|MILHO EM GRAOS|48800,0000|KG|58153,30|0,00|0|000|2102|166|58153,30|12,00|6978,40|0,00|0,00|0,00|0|||0,00|0,00|0,00|56|58153,30|1,6500|0,00|0,0000|959,53|56|58153,30|7,6000|0,00|0,0000|4419,65||0,00|
|C190|000|2102|12,00|58153,30|58153,30|6978,40|0,00|0,00|0|00,00||
|C100|0|1|764304380060210|55|00|2|248194|41260276430438006021550020002481941977945716|04022026|05022026|369,04|1|0,00||369,04|0|0,00|0,00||0,00|0,00|0,00|0,00|0,00|0,00|0,00|||
|C170|1|901010034|COPA E COZINHA|22,0000|UND|369,04|0,00|1|090|1556|9125|0,00|0,00|0,00|0,00|0,00|0,00|0|||0,00|0,00|0,00|70|0,00|0,0000|0,00|0,0000|0,00|70|0,00|0,0000|0,00|0,0000|0,00||0,00|
|C190|090|1556|0,00|369,04|0,00|0,00|0,00|0,00|0|00,00||
|C100|0|1|764304380060210|55|00|2|251637|41260276430438006021550020002516371654326715|23022026|25022026|407,02|1|0,00||407,02|0|0,00|0,00||0,00|0,00|0,00|0,00|0,00|0,00|0,00|||
|C170|1|901010034|COPA E COZINHA|39,0000|UND|407,02|0,00|1|090|1556|9125|0,00|0,00|0,00|0,00|0,00|0,00|0|||0,00|0,00|0,00|70|0,00|0,0000|0,00|0,0000|0,00|70|0,00|0,0000|0,00|0,0000|0,00||0,00|
|C190|090|1556|0,00|407,02|0,00|0,00|0,00|0,00|0|00,00||
|C100|0|1|764304380104870|55|00|2|193086|41260176430438010487550020001930861961128797|10012026|10022026|69,96|1|0,00||69,96|0|0,00|0,00||0,00|0,00|0,00|0,00|0,00|0,00|0,00|||
|C170|1|904010012|CONFRATERNIZACOES|4,0000|UND|69,96|0,00|1|090|1556|9119|0,00|0,00|0,00|0,00|0,00|0,00|0|||0,00|0,00|0,00|70|0,00|0,0000|0,00|0,0000|0,00|70|0,00|0,0000|0,00|0,0000|0,00||0,00|
|C190|090|1556|0,00|69,96|0,00|0,00|0,00|0,00|0|00,00||
|C100|0|1|776667330001940|55|00|1|34953|41260277666733000194550010000349531001655015|19022026|19022026|77667,33|1|0,00||77667,33|1|0,00|0,00||0,00|0,00|0,00|0,00|0,00|384,45|1770,82|||
|C170|1|101010001|SOJA EM GRAOS|39160,0000|KG|77667,33|0,00|0|051|1102|11|0,00|0,00|0,00|0,00|0,00|0,00|0|||0,00|0,00|0,00|60|77667,33|0,4950|0,00|0,0000|384,45|60|77667,33|2,2800|0,00|0,0000|1770,82||0,00|
|C190|051|1102|0,00|77667,33|0,00|0,00|0,00|0,00|0|00,00||
|C100|0|1|776667330001940|55|00|1|34999|41260277666733000194550010000349991001657378|23022026|23022026|74097,33|1|0,00||74097,33|1|0,00|0,00||0,00|0,00|0,00|0,00|0,00|366,78|1689,42|||
|C170|1|101010001|SOJA EM GRAOS|37360,0000|KG|74097,33|0,00|0|051|1102|11|0,00|0,00|0,00|0,00|0,00|0,00|0|||0,00|0,00|0,00|60|74097,33|0,4950|0,00|0,0000|366,78|60|74097,33|2,2800|0,00|0,0000|1689,42||0,00|
|C190|051|1102|0,00|74097,33|0,00|0,00|0,00|0,00|0|00,00||
|C100|0|1|776667330001940|55|00|1|35021|41260277666733000194550010000350211001658377|25022026|25022026|79254,00|1|0,00||79254,00|1|0,00|0,00||0,00|0,00|0,00|0,00|0,00|392,31|1806,99|||
|C170|1|101010001|SOJA EM GRAOS|39960,0000|KG|79254,00|0,00|0|051|1102|11|0,00|0,00|0,00|0,00|0,00|0,00|0|||0,00|0,00|0,00|60|79254,00|0,4950|0,00|0,0000|392,31|60|79254,00|2,2800|0,00|0,0000|1806,99||0,00|
|C190|051|1102|0,00|79254,00|0,00|0,00|0,00|0,00|0|00,00||
|C100|0|1|776667330001940|55|00|1|35023|41260277666733000194550010000350231001658410|25022026|25022026|65767,33|1|0,00||65767,33|1|0,00|0,00||0,00|0,00|0,00|0,00|0,00|325,55|1499,50|||
|C170|1|101010001|SOJA EM GRAOS|33160,0000|KG|65767,33|0,00|0|051|1102|11|0,00|0,00|0,00|0,00|0,00|0,00|0|||0,00|0,00|0,00|60|65767,33|0,4950|0,00|0,0000|325,55|60|65767,33|2,2800|0,00|0,0000|1499,50||0,00|
|C190|051|1102|0,00|65767,33|0,00|0,00|0,00|0,00|0|00,00||
|C100|0|1|776667330001940|55|00|1|35024|41260277666733000194550010000350241001658441|25022026|25022026|76199,66|1|0,00||76199,66|1|0,00|0,00||0,00|0,00|0,00|0,00|0,00|377,19|1737,35|||
|C170|1|101010001|SOJA EM GRAOS|38420,0000|KG|76199,66|0,00|0|051|1102|11|0,00|0,00|0,00|0,00|0,00|0,00|0|||0,00|0,00|0,00|60|76199,66|0,4950|0,00|0,0000|377,19|60|76199,66|2,2800|0,00|0,0000|1737,35||0,00|
|C190|051|1102|0,00|76199,66|0,00|0,00|0,00|0,00|0|00,00||
|C100|0|1|776667330001940|55|00|1|35036|41260277666733000194550010000350361001659155|26022026|26022026|73542,00|1|0,00||73542,00|1|0,00|0,00||0,00|0,00|0,00|0,00|0,00|364,03|1676,76|||
|C170|1|101010001|SOJA EM GRAOS|37080,0000|KG|73542,00|0,00|0|051|1102|11|0,00|0,00|0,00|0,00|0,00|0,00|0|||0,00|0,00|0,00|60|73542,00|0,4950|0,00|0,0000|364,03|60|73542,00|2,2800|0,00|0,0000|1676,76||0,00|
|C190|051|1102|0,00|73542,00|0,00|0,00|0,00|0,00|0|00,00||
|C100|0|1|776667330001940|55|00|1|35039|41260277666733000194550010000350391001659343|26022026|26022026|84728,00|1|0,00||84728,00|1|0,00|0,00||0,00|0,00|0,00|0,00|0,00|419,40|1931,80|||
|C170|1|101010001|SOJA EM GRAOS|42720,0000|KG|84728,00|0,00|0|051|1102|11|0,00|0,00|0,00|0,00|0,00|0,00|0|||0,00|0,00|0,00|60|84728,00|0,4950|0,00|0,0000|419,40|60|84728,00|2,2800|0,00|0,0000|1931,80||0,00|
|C190|051|1102|0,00|84728,00|0,00|0,00|0,00|0,00|0|00,00||
|C100|0|1|776667330001940|55|00|1|35042|41260277666733000194550010000350421001659500|26022026|26022026|80483,66|1|0,00||80483,66|1|0,00|0,00||0,00|0,00|0,00|0,00|0,00|398,39|1835,03|||
|C170|1|101010001|SOJA EM GRAOS|40580,0000|KG|80483,66|0,00|0|051|1102|11|0,00|0,00|0,00|0,00|0,00|0,00|0|||0,00|0,00|0,00|60|80483,66|0,4950|0,00|0,0000|398,39|60|80483,66|2,2800|0,00|0,0000|1835,03||0,00|
|C190|051|1102|0,00|80483,66|0,00|0,00|0,00|0,00|0|00,00||
|C100|0|1|776667330001940|55|00|1|35050|41260277666733000194550010000350501001659944|27022026|27022026|78897,00|1|0,00||78897,00|0|0,00|0,00||0,00|0,00|0,00|0,00|0,00|390,54|1798,85|||
|C170|1|101010001|SOJA EM GRAOS|39780,0000|KG|78897,00|0,00|0|051|1102|11|0,00|0,00|0,00|0,00|0,00|0,00|0|||0,00|0,00|0,00|60|78897,00|0,4950|0,00|0,0000|390,54|60|78897,00|2,2800|0,00|0,0000|1798,85||0,00|
|C190|051|1102|0,00|78897,00|0,00|0,00|0,00|0,00|0|00,00||
|C100|0|1|776667330001940|55|00|1|35051|41260277666733000194550010000350511001660052|27022026|27022026|75208,00|1|0,00||75208,00|0|0,00|0,00||0,00|0,00|0,00|0,00|0,00|372,28|1714,74|||
|C170|1|101010001|SOJA EM GRAOS|37920,0000|KG|75208,00|0,00|0|051|1102|11|0,00|0,00|0,00|0,00|0,00|0,00|0|||0,00|0,00|0,00|60|75208,00|0,4950|0,00|0,0000|372,28|60|75208,00|2,2800|0,00|0,0000|1714,74||0,00|
|C190|051|1102|0,00|75208,00|0,00|0,00|0,00|0,00|0|00,00||
|C100|0|1|778453600001190|55|00|1|56492|41260177845360000119550010000564921598411023|27012026|05022026|67156,11|1|0,00||67156,11|1|0,00|0,00||0,00|0,00|0,00|0,00|0,00|0,00|0,00|||
|C170|1|101010001|SOJA EM GRAOS|33300,0000|KG|67156,11|0,00|0|051|1102|14|0,00|0,00|0,00|0,00|0,00|0,00|0|||0,00|0,00|0,00|70|0,00|0,0000|0,00|0,0000|0,00|70|0,00|0,0000|0,00|0,0000|0,00||0,00|
|C190|051|1102|0,00|67156,11|0,00|0,00|0,00|0,00|0|00,00||
|C100|0|1|778453600001190|55|00|1|56671|41260277845360000119550010000566711559019163|05022026|06022026|78691,63|1|0,00||78691,63|1|0,00|0,00||0,00|0,00|0,00|0,00|0,00|0,00|0,00|||
|C170|1|101010001|SOJA EM GRAOS|39020,0000|KG|78691,63|0,00|0|051|1102|14|0,00|0,00|0,00|0,00|0,00|0,00|0|||0,00|0,00|0,00|70|0,00|0,0000|0,00|0,0000|0,00|70|0,00|0,0000|0,00|0,0000|0,00||0,00|
|C190|051|1102|0,00|78691,63|0,00|0,00|0,00|0,00|0|00,00||
|C100|0|1|778453600001190|55|00|1|56676|41260277845360000119550010000566761654227831|05022026|06022026|81595,68|1|0,00||81595,68|1|0,00|0,00||0,00|0,00|0,00|0,00|0,00|0,00|0,00|||
|C170|1|101010001|SOJA EM GRAOS|40460,0000|KG|81595,68|0,00|0|051|1102|14|0,00|0,00|0,00|0,00|0,00|0,00|0|||0,00|0,00|0,00|70|0,00|0,0000|0,00|0,0000|0,00|70|0,00|0,0000|0,00|0,0000|0,00||0,00|
|C190|051|1102|0,00|81595,68|0,00|0,00|0,00|0,00|0|00,00||
|C100|0|1|778453600001190|55|00|1|56677|41260277845360000119550010000566771910545180|05022026|06022026|76755,60|1|0,00||76755,60|1|0,00|0,00||0,00|0,00|0,00|0,00|0,00|0,00|0,00|||
|C170|1|101010001|SOJA EM GRAOS|38060,0000|KG|76755,60|0,00|0|051|1102|14|0,00|0,00|0,00|0,00|0,00|0,00|0|||0,00|0,00|0,00|70|0,00|0,0000|0,00|0,0000|0,00|70|0,00|0,0000|0,00|0,0000|0,00||0,00|
|C190|051|1102|0,00|76755,60|0,00|0,00|0,00|0,00|0|00,00||
|C100|0|1|778453600001190|55|00|1|56678|41260277845360000119550010000566781729899100|05022026|06022026|77542,12|1|0,00||77542,12|1|0,00|0,00||0,00|0,00|0,00|0,00|0,00|0,00|0,00|||
|C170|1|101010001|SOJA EM GRAOS|38450,0000|KG|77542,12|0,00|0|051|1102|14|0,00|0,00|0,00|0,00|0,00|0,00|0|||0,00|0,00|0,00|70|0,00|0,0000|0,00|0,0000|0,00|70|0,00|0,0000|0,00|0,0000|0,00||0,00|
|C190|051|1102|0,00|77542,12|0,00|0,00|0,00|0,00|0|00,00||
|C100|0|1|778453600001190|55|00|1|56764|41260277845360000119550010000567641562095550|11022026|12022026|62215,20|1|0,00||62215,20|1|0,00|0,00||0,00|0,00|0,00|0,00|0,00|0,00|0,00|||
|C170|1|101010001|SOJA EM GRAOS|30850,0000|KG|62215,20|0,00|0|051|1102|14|0,00|0,00|0,00|0,00|0,00|0,00|0|||0,00|0,00|0,00|70|0,00|0,0000|0,00|0,0000|0,00|70|0,00|0,0000|0,00|0,0000|0,00||0,00|
|C190|051|1102|0,00|62215,20|0,00|0,00|0,00|0,00|0|00,00||
|C100|0|1|778453600001190|55|00|1|56786|41260277845360000119550010000567861148445515|12022026|12022026|76090,09|1|0,00||76090,09|1|0,00|0,00||0,00|0,00|0,00|0,00|0,00|0,00|0,00|||
|C170|1|101010001|SOJA EM GRAOS|37730,0000|KG|76090,09|0,00|0|051|1102|14|0,00|0,00|0,00|0,00|0,00|0,00|0|||0,00|0,00|0,00|70|0,00|0,0000|0,00|0,0000|0,00|70|0,00|0,0000|0,00|0,0000|0,00||0,00|
|C190|051|1102|0,00|76090,09|0,00|0,00|0,00|0,00|0|00,00||
|C100|0|1|778453600001190|55|00|1|56793|41260277845360000119550010000567931004528345|12022026|12022026|80809,17|1|0,00||80809,17|1|0,00|0,00||0,00|0,00|0,00|0,00|0,00|0,00|0,00|||
|C170|1|101010001|SOJA EM GRAOS|40070,0000|KG|80809,17|0,00|0|051|1102|14|0,00|0,00|0,00|0,00|0,00|0,00|0|||0,00|0,00|0,00|70|0,00|0,0000|0,00|0,0000|0,00|70|0,00|0,0000|0,00|0,0000|0,00||0,00|
|C190|051|1102|0,00|80809,17|0,00|0,00|0,00|0,00|0|00,00||
|C100|0|1|778453600001190|55|00|1|56810|41260277845360000119550010000568101151945920|14022026|14022026|74858,42|1|0,00||74858,42|1|0,00|0,00||0,00|0,00|0,00|0,00|0,00|0,00|0,00|||
|C170|1|101010001|SOJA EM GRAOS|37120,0000|KG|74858,42|0,00|0|051|1102|14|0,00|0,00|0,00|0,00|0,00|0,00|0|||0,00|0,00|0,00|70|0,00|0,0000|0,00|0,0000|0,00|70|0,00|0,0000|0,00|0,0000|0,00||0,00|
|C190|051|1102|0,00|74858,42|0,00|0,00|0,00|0,00|0|00,00||
|C100|0|1|778453600001190|55|00|1|56811|41260277845360000119550010000568111097924785|14022026|14022026|80666,40|1|0,00||80666,40|1|0,00|0,00||0,00|0,00|0,00|0,00|0,00|0,00|0,00|||
|C170|1|101010001|SOJA EM GRAOS|40000,0000|KG|80666,40|0,00|0|051|1102|14|0,00|0,00|0,00|0,00|0,00|0,00|0|||0,00|0,00|0,00|70|0,00|0,0000|0,00|0,0000|0,00|70|0,00|0,0000|0,00|0,0000|0,00||0,00|
|C190|051|1102|0,00|80666,40|0,00|0,00|0,00|0,00|0|00,00||
|C100|0|1|778453600001190|55|00|1|56812|41260277845360000119550010000568121789909594|14022026|14022026|79315,24|1|0,00||79315,24|1|0,00|0,00||0,00|0,00|0,00|0,00|0,00|0,00|0,00|||
|C170|1|101010001|SOJA EM GRAOS|39330,0000|KG|79315,24|0,00|0|051|1102|14|0,00|0,00|0,00|0,00|0,00|0,00|0|||0,00|0,00|0,00|70|0,00|0,0000|0,00|0,0000|0,00|70|0,00|0,0000|0,00|0,0000|0,00||0,00|
|C190|051|1102|0,00|79315,24|0,00|0,00|0,00|0,00|0|00,00||
|C100|0|1|778453600001190|55|00|1|56818|41260277845360000119550010000568181181491950|18022026|18022026|79658,31|1|0,00||79658,31|1|0,00|0,00||0,00|0,00|0,00|0,00|0,00|0,00|0,00|||
|C170|1|101010001|SOJA EM GRAOS|39500,0000|KG|79658,31|0,00|0|051|1102|14|0,00|0,00|0,00|0,00|0,00|0,00|0|||0,00|0,00|0,00|70|0,00|0,0000|0,00|0,0000|0,00|70|0,00|0,0000|0,00|0,0000|0,00||0,00|
|C190|051|1102|0,00|79658,31|0,00|0,00|0,00|0,00|0|00,00||
|C100|0|1|778453600001190|55|00|1|56819|41260277845360000119550010000568191341398356|18022026|18022026|79658,31|1|0,00||79658,31|1|0,00|0,00||0,00|0,00|0,00|0,00|0,00|0,00|0,00|||
|C170|1|101010001|SOJA EM GRAOS|39500,0000|KG|79658,31|0,00|0|051|1102|14|0,00|0,00|0,00|0,00|0,00|0,00|0|||0,00|0,00|0,00|70|0,00|0,0000|0,00|0,0000|0,00|70|0,00|0,0000|0,00|0,0000|0,00||0,00|
|C190|051|1102|0,00|79658,31|0,00|0,00|0,00|0,00|0|00,00||
|C100|0|1|778453600001190|55|00|1|56821|41260277845360000119550010000568211074064328|18022026|18022026|75624,98|1|0,00||75624,98|1|0,00|0,00||0,00|0,00|0,00|0,00|0,00|0,00|0,00|||
|C170|1|101010001|SOJA EM GRAOS|37500,0000|KG|75624,98|0,00|0|051|1102|14|0,00|0,00|0,00|0,00|0,00|0,00|0|||0,00|0,00|0,00|70|0,00|0,0000|0,00|0,0000|0,00|70|0,00|0,0000|0,00|0,0000|0,00||0,00|
|C190|051|1102|0,00|75624,98|0,00|0,00|0,00|0,00|0|00,00||
|C100|0|1|778453600001190|55|00|1|56828|41260277845360000119550010000568281132309104|19022026|19022026|61084,63|1|0,00||61084,63|1|0,00|0,00||0,00|0,00|0,00|0,00|0,00|0,00|0,00|||
|C170|1|101010001|SOJA EM GRAOS|30290,0000|KG|61084,63|0,00|0|051|1102|14|0,00|0,00|0,00|0,00|0,00|0,00|0|||0,00|0,00|0,00|70|0,00|0,0000|0,00|0,0000|0,00|70|0,00|0,0000|0,00|0,0000|0,00||0,00|
|C190|051|1102|0,00|61084,63|0,00|0,00|0,00|0,00|0|00,00||
|C100|0|1|778453600001190|55|00|1|56839|41260277845360000119550010000568391696062161|19022026|19022026|78286,74|1|0,00||78286,74|1|0,00|0,00||0,00|0,00|0,00|0,00|0,00|0,00|0,00|||
|C170|1|101010001|SOJA EM GRAOS|38820,0000|KG|78286,74|0,00|0|051|1102|14|0,00|0,00|0,00|0,00|0,00|0,00|0|||0,00|0,00|0,00|70|0,00|0,0000|0,00|0,0000|0,00|70|0,00|0,0000|0,00|0,0000|0,00||0,00|
|C190|051|1102|0,00|78286,74|0,00|0,00|0,00|0,00|0|00,00||
|C100|0|1|778799710001880|55|00|3|135169|41260277879971000188550030001351691732711103|19022026|19022026|76000,00|1|0,00||76000,00|1|0,00|0,00||0,00|0,00|0,00|0,00|0,00|0,00|0,00|||
|C170|1|101010001|SOJA EM GRAOS|38000,0000|KG|76000,00|0,00|0|051|1102|14|0,00|0,00|0,00|0,00|0,00|0,00|0|||0,00|0,00|0,00|70|0,00|0,0000|0,00|0,0000|0,00|70|0,00|0,0000|0,00|0,0000|0,00||0,00|
|C190|051|1102|0,00|76000,00|0,00|0,00|0,00|0,00|0|00,00||
|C100|0|1|778799710001880|55|00|3|135192|41260277879971000188550030001351921736490312|20022026|20022026|75540,00|1|0,00||75540,00|1|0,00|0,00||0,00|0,00|0,00|0,00|0,00|0,00|0,00|||
|C170|1|101010001|SOJA EM GRAOS|37770,0000|KG|75540,00|0,00|0|051|1102|14|0,00|0,00|0,00|0,00|0,00|0,00|0|||0,00|0,00|0,00|70|0,00|0,0000|0,00|0,0000|0,00|70|0,00|0,0000|0,00|0,0000|0,00||0,00|
|C190|051|1102|0,00|75540,00|0,00|0,00|0,00|0,00|0|00,00||
|C100|0|1|778799710001880|55|00|3|135193|41260277879971000188550030001351931274113545|20022026|20022026|75640,00|1|0,00||75640,00|1|0,00|0,00||0,00|0,00|0,00|0,00|0,00|0,00|0,00|||
|C170|1|101010001|SOJA EM GRAOS|37820,0000|KG|75640,00|0,00|0|051|1102|14|0,00|0,00|0,00|0,00|0,00|0,00|0|||0,00|0,00|0,00|70|0,00|0,0000|0,00|0,0000|0,00|70|0,00|0,0000|0,00|0,0000|0,00||0,00|
|C190|051|1102|0,00|75640,00|0,00|0,00|0,00|0,00|0|00,00||
|C100|0|1|778799710001880|55|00|3|135215|41260277879971000188550030001352151327136420|24022026|24022026|80100,00|1|0,00||80100,00|1|0,00|0,00||0,00|0,00|0,00|0,00|0,00|0,00|0,00|||
|C170|1|101010001|SOJA EM GRAOS|40050,0000|KG|80100,00|0,00|0|051|1102|14|0,00|0,00|0,00|0,00|0,00|0,00|0|||0,00|0,00|0,00|70|0,00|0,0000|0,00|0,0000|0,00|70|0,00|0,0000|0,00|0,0000|0,00||0,00|
|C190|051|1102|0,00|80100,00|0,00|0,00|0,00|0,00|0|00,00||
|C100|0|1|783895740001900|55|00|11|36014|41260278389574000190550110000360141505480665|22022026|22022026|78700,00|1|0,00||78700,00|0|0,00|0,00||0,00|0,00|0,00|0,00|0,00|0,00|0,00|||
|C170|1|101010001|SOJA EM GRAOS|39350,0000|KG|78700,00|0,00|0|051|1102|14|0,00|0,00|0,00|0,00|0,00|0,00|0|||0,00|0,00|0,00|70|0,00|0,0000|0,00|0,0000|0,00|70|0,00|0,0000|0,00|0,0000|0,00||0,00|
|C190|051|1102|0,00|78700,00|0,00|0,00|0,00|0,00|0|00,00||
|C100|0|1|783895740001900|55|00|11|36020|41260278389574000190550110000360201832500313|23022026|23022026|78280,00|1|0,00||78280,00|0|0,00|0,00||0,00|0,00|0,00|0,00|0,00|0,00|0,00|||
|C170|1|101010001|SOJA EM GRAOS|39140,0000|KG|78280,00|0,00|0|051|1102|14|0,00|0,00|0,00|0,00|0,00|0,00|0|||0,00|0,00|0,00|70|0,00|0,0000|0,00|0,0000|0,00|70|0,00|0,0000|0,00|0,0000|0,00||0,00|
|C190|051|1102|0,00|78280,00|0,00|0,00|0,00|0,00|0|00,00||
|C100|0|1|783895740001900|55|00|11|36035|41260278389574000190550110000360351771624487|23022026|23022026|77360,00|1|0,00||77360,00|0|0,00|0,00||0,00|0,00|0,00|0,00|0,00|0,00|0,00|||
|C170|1|101010001|SOJA EM GRAOS|38680,0000|KG|77360,00|0,00|0|051|1102|14|0,00|0,00|0,00|0,00|0,00|0,00|0|||0,00|0,00|0,00|70|0,00|0,0000|0,00|0,0000|0,00|70|0,00|0,0000|0,00|0,0000|0,00||0,00|
|C190|051|1102|0,00|77360,00|0,00|0,00|0,00|0,00|0|00,00||
|C100|0|1|783895740001900|55|00|11|36053|41260278389574000190550110000360531424001463|24022026|24022026|73900,00|1|0,00||73900,00|0|0,00|0,00||0,00|0,00|0,00|0,00|0,00|0,00|0,00|||
|C170|1|101010001|SOJA EM GRAOS|36950,0000|KG|73900,00|0,00|0|051|1102|14|0,00|0,00|0,00|0,00|0,00|0,00|0|||0,00|0,00|0,00|70|0,00|0,0000|0,00|0,0000|0,00|70|0,00|0,0000|0,00|0,0000|0,00||0,00|
|C190|051|1102|0,00|73900,00|0,00|0,00|0,00|0,00|0|00,00||
|C100|0|1|783895740001900|55|00|11|36054|41260278389574000190550110000360541076002649|24022026|24022026|73800,00|1|0,00||73800,00|0|0,00|0,00||0,00|0,00|0,00|0,00|0,00|0,00|0,00|||
|C170|1|101010001|SOJA EM GRAOS|36900,0000|KG|73800,00|0,00|0|051|1102|14|0,00|0,00|0,00|0,00|0,00|0,00|0|||0,00|0,00|0,00|70|0,00|0,0000|0,00|0,0000|0,00|70|0,00|0,0000|0,00|0,0000|0,00||0,00|
|C190|051|1102|0,00|73800,00|0,00|0,00|0,00|0,00|0|00,00||
|C100|0|1|783895740001900|55|00|11|36109|41260278389574000190550110000361091571342777|25022026|25022026|77260,00|1|0,00||77260,00|0|0,00|0,00||0,00|0,00|0,00|0,00|0,00|0,00|0,00|||
|C170|1|101010001|SOJA EM GRAOS|38630,0000|KG|77260,00|0,00|0|051|1102|14|0,00|0,00|0,00|0,00|0,00|0,00|0|||0,00|0,00|0,00|70|0,00|0,0000|0,00|0,0000|0,00|70|0,00|0,0000|0,00|0,0000|0,00||0,00|
|C190|051|1102|0,00|77260,00|0,00|0,00|0,00|0,00|0|00,00||
|C100|0|1|783895740001900|55|00|11|36141|41260278389574000190550110000361411744563890|25022026|25022026|77540,00|1|0,00||77540,00|0|0,00|0,00||0,00|0,00|0,00|0,00|0,00|0,00|0,00|||
|C170|1|101010001|SOJA EM GRAOS|38770,0000|KG|77540,00|0,00|0|051|1102|14|0,00|0,00|0,00|0,00|0,00|0,00|0|||0,00|0,00|0,00|70|0,00|0,0000|0,00|0,0000|0,00|70|0,00|0,0000|0,00|0,0000|0,00||0,00|
|C190|051|1102|0,00|77540,00|0,00|0,00|0,00|0,00|0|00,00||
|C100|0|1|783895740001900|55|00|11|36184|41260278389574000190550110000361841602871592|26022026|26022026|81020,00|1|0,00||81020,00|0|0,00|0,00||0,00|0,00|0,00|0,00|0,00|0,00|0,00|||
|C170|1|101010001|SOJA EM GRAOS|40510,0000|KG|81020,00|0,00|0|051|1102|14|0,00|0,00|0,00|0,00|0,00|0,00|0|||0,00|0,00|0,00|70|0,00|0,0000|0,00|0,0000|0,00|70|0,00|0,0000|0,00|0,0000|0,00||0,00|
|C190|051|1102|0,00|81020,00|0,00|0,00|0,00|0,00|0|00,00||
|C100|0|1|784089119530|55|08|890|3716837|41260278393592000146558900037168371191462258|03022026|05022026|10296,00|1|0,00||10296,00|1|0,00|0,00||0,00|0,00|0,00|0,00|0,00|50,97|234,75|||
|C170|1|101010001|SOJA EM GRAOS|5280,0000|KG|10296,00|0,00|0|051|1102|11|0,00|0,00|0,00|0,00|0,00|0,00|0|||0,00|0,00|0,00|60|10296,00|0,4950|0,00|0,0000|50,97|60|10296,00|2,2800|0,00|0,0000|234,75||0,00|
|C190|051|1102|0,00|10296,00|0,00|0,00|0,00|0,00|0|00,00||
|C100|0|1|784089119530|55|08|890|3723301|41260278393592000146558900037233011853882450|04022026|05022026|25720,50|1|0,00||25720,50|1|0,00|0,00||0,00|0,00|0,00|0,00|0,00|127,32|586,43|||
|C170|1|101010001|SOJA EM GRAOS|13190,0000|KG|25720,50|0,00|0|051|1102|11|0,00|0,00|0,00|0,00|0,00|0,00|0|||0,00|0,00|0,00|60|25720,50|0,4950|0,00|0,0000|127,32|60|25720,50|2,2800|0,00|0,0000|586,43||0,00|
|C190|051|1102|0,00|25720,50|0,00|0,00|0,00|0,00|0|00,00||
|C100|0|1|796371200001540|55|00|1|22391|41260279637120000154550010000223911000431240|05022026|06022026|17628,00|1|0,00||17628,00|1|0,00|0,00||0,00|0,00|0,00|0,00|0,00|0,00|0,00|||
|C170|1|101010001|SOJA EM GRAOS|9040,0000|KG|17628,00|0,00|0|051|1102|14|0,00|0,00|0,00|0,00|0,00|0,00|0|||0,00|0,00|0,00|70|0,00|0,0000|0,00|0,0000|0,00|70|0,00|0,0000|0,00|0,0000|0,00||0,00|
|C190|051|1102|0,00|17628,00|0,00|0,00|0,00|0,00|0|00,00||
|C100|0|1|796371200001540|55|00|1|22392|41260279637120000154550010000223921000431256|05022026|06022026|77376,00|1|0,00||77376,00|1|0,00|0,00||0,00|0,00|0,00|0,00|0,00|0,00|0,00|||
|C170|1|101010001|SOJA EM GRAOS|39680,0000|KG|77376,00|0,00|0|051|1102|14|0,00|0,00|0,00|0,00|0,00|0,00|0|||0,00|0,00|0,00|70|0,00|0,0000|0,00|0,0000|0,00|70|0,00|0,0000|0,00|0,0000|0,00||0,00|
|C190|051|1102|0,00|77376,00|0,00|0,00|0,00|0,00|0|00,00||
|C100|0|1|796371200001540|55|00|1|22399|41260279637120000154550010000223991000431397|06022026|09022026|75465,00|1|0,00||75465,00|1|0,00|0,00||0,00|0,00|0,00|0,00|0,00|0,00|0,00|||
|C170|1|101010001|SOJA EM GRAOS|38700,0000|KG|75465,00|0,00|0|051|1102|14|0,00|0,00|0,00|0,00|0,00|0,00|0|||0,00|0,00|0,00|70|0,00|0,0000|0,00|0,0000|0,00|70|0,00|0,0000|0,00|0,0000|0,00||0,00|
|C190|051|1102|0,00|75465,00|0,00|0,00|0,00|0,00|0|00,00||
|C100|0|1|796371200001540|55|00|1|22400|41260279637120000154550010000224001000431411|06022026|09022026|79716,00|1|0,00||79716,00|1|0,00|0,00||0,00|0,00|0,00|0,00|0,00|0,00|0,00|||
|C170|1|101010001|SOJA EM GRAOS|40880,0000|KG|79716,00|0,00|0|051|1102|14|0,00|0,00|0,00|0,00|0,00|0,00|0|||0,00|0,00|0,00|70|0,00|0,0000|0,00|0,0000|0,00|70|0,00|0,0000|0,00|0,0000|0,00||0,00|
|C190|051|1102|0,00|79716,00|0,00|0,00|0,00|0,00|0|00,00||
|C100|0|1|796371200001540|55|00|1|22401|41260279637120000154550010000224011000431435|06022026|09022026|62595,00|1|0,00||62595,00|1|0,00|0,00||0,00|0,00|0,00|0,00|0,00|0,00|0,00|||
|C170|1|101010001|SOJA EM GRAOS|32100,0000|KG|62595,00|0,00|0|051|1102|14|0,00|0,00|0,00|0,00|0,00|0,00|0|||0,00|0,00|0,00|70|0,00|0,0000|0,00|0,0000|0,00|70|0,00|0,0000|0,00|0,0000|0,00||0,00|
|C190|051|1102|0,00|62595,00|0,00|0,00|0,00|0,00|0|00,00||
|C100|0|1|796371200001540|55|00|1|22404|41260279637120000154550010000224041000431461|07022026|07022026|77688,00|1|0,00||77688,00|1|0,00|0,00||0,00|0,00|0,00|0,00|0,00|0,00|0,00|||
|C170|1|101010001|SOJA EM GRAOS|39840,0000|KG|77688,00|0,00|0|051|1102|14|0,00|0,00|0,00|0,00|0,00|0,00|0|||0,00|0,00|0,00|70|0,00|0,0000|0,00|0,0000|0,00|70|0,00|0,0000|0,00|0,0000|0,00||0,00|
|C190|051|1102|0,00|77688,00|0,00|0,00|0,00|0,00|0|00,00||
|C100|0|1|796371200001540|55|00|1|22405|41260279637120000154550010000224051000431477|07022026|07022026|72345,00|1|0,00||72345,00|1|0,00|0,00||0,00|0,00|0,00|0,00|0,00|0,00|0,00|||
|C170|1|101010001|SOJA EM GRAOS|37100,0000|KG|72345,00|0,00|0|051|1102|14|0,00|0,00|0,00|0,00|0,00|0,00|0|||0,00|0,00|0,00|70|0,00|0,0000|0,00|0,0000|0,00|70|0,00|0,0000|0,00|0,0000|0,00||0,00|
|C190|051|1102|0,00|72345,00|0,00|0,00|0,00|0,00|0|00,00||
|C100|0|1|796371200001540|55|00|1|22406|41260279637120000154550010000224061000431482|07022026|07022026|75231,00|1|0,00||75231,00|1|0,00|0,00||0,00|0,00|0,00|0,00|0,00|0,00|0,00|||
|C170|1|101010001|SOJA EM GRAOS|38580,0000|KG|75231,00|0,00|0|051|1102|14|0,00|0,00|0,00|0,00|0,00|0,00|0|||0,00|0,00|0,00|70|0,00|0,0000|0,00|0,0000|0,00|70|0,00|0,0000|0,00|0,0000|0,00||0,00|
|C190|051|1102|0,00|75231,00|0,00|0,00|0,00|0,00|0|00,00||
|C100|0|1|796371200001540|55|00|1|22414|41260279637120000154550010000224141000431689|09022026|10022026|61074,00|1|0,00||61074,00|1|0,00|0,00||0,00|0,00|0,00|0,00|0,00|0,00|0,00|||
|C170|1|101010001|SOJA EM GRAOS|31320,0000|KG|61074,00|0,00|0|051|1102|14|0,00|0,00|0,00|0,00|0,00|0,00|0|||0,00|0,00|0,00|70|0,00|0,0000|0,00|0,0000|0,00|70|0,00|0,0000|0,00|0,0000|0,00||0,00|
|C190|051|1102|0,00|61074,00|0,00|0,00|0,00|0,00|0|00,00||
|C100|0|1|796371200001540|55|00|1|22415|41260279637120000154550010000224151000431694|10022026|11022026|75699,00|1|0,00||75699,00|1|0,00|0,00||0,00|0,00|0,00|0,00|0,00|0,00|0,00|||
|C170|1|101010001|SOJA EM GRAOS|38820,0000|KG|75699,00|0,00|0|051|1102|14|0,00|0,00|0,00|0,00|0,00|0,00|0|||0,00|0,00|0,00|70|0,00|0,0000|0,00|0,0000|0,00|70|0,00|0,0000|0,00|0,0000|0,00||0,00|
|C190|051|1102|0,00|75699,00|0,00|0,00|0,00|0,00|0|00,00||
|C100|0|1|796371200001540|55|00|1|22416|41260279637120000154550010000224161000431713|10022026|11022026|74685,00|1|0,00||74685,00|1|0,00|0,00||0,00|0,00|0,00|0,00|0,00|0,00|0,00|||
|C170|1|101010001|SOJA EM GRAOS|38300,0000|KG|74685,00|0,00|0|051|1102|14|0,00|0,00|0,00|0,00|0,00|0,00|0|||0,00|0,00|0,00|70|0,00|0,0000|0,00|0,0000|0,00|70|0,00|0,0000|0,00|0,0000|0,00||0,00|
|C190|051|1102|0,00|74685,00|0,00|0,00|0,00|0,00|0|00,00||
|C100|0|1|796371200001540|55|00|1|22417|41260279637120000154550010000224171000431729|10022026|11022026|75582,00|1|0,00||75582,00|1|0,00|0,00||0,00|0,00|0,00|0,00|0,00|0,00|0,00|||
|C170|1|101010001|SOJA EM GRAOS|38760,0000|KG|75582,00|0,00|0|051|1102|14|0,00|0,00|0,00|0,00|0,00|0,00|0|||0,00|0,00|0,00|70|0,00|0,0000|0,00|0,0000|0,00|70|0,00|0,0000|0,00|0,0000|0,00||0,00|
|C190|051|1102|0,00|75582,00|0,00|0,00|0,00|0,00|0|00,00||
|C100|0|1|796371200001540|55|00|1|22418|41260279637120000154550010000224181000431734|10022026|11022026|76362,00|1|0,00||76362,00|1|0,00|0,00||0,00|0,00|0,00|0,00|0,00|0,00|0,00|||
|C170|1|101010001|SOJA EM GRAOS|39160,0000|KG|76362,00|0,00|0|051|1102|14|0,00|0,00|0,00|0,00|0,00|0,00|0|||0,00|0,00|0,00|70|0,00|0,0000|0,00|0,0000|0,00|70|0,00|0,0000|0,00|0,0000|0,00||0,00|
|C190|051|1102|0,00|76362,00|0,00|0,00|0,00|0,00|0|00,00||
|C100|0|1|796371200001540|55|00|1|22425|41260279637120000154550010000224251000431925|11022026|11022026|68484,00|1|0,00||68484,00|1|0,00|0,00||0,00|0,00|0,00|0,00|0,00|0,00|0,00|||
|C170|1|101010001|SOJA EM GRAOS|35120,0000|KG|68484,00|0,00|0|051|1102|14|0,00|0,00|0,00|0,00|0,00|0,00|0|||0,00|0,00|0,00|70|0,00|0,0000|0,00|0,0000|0,00|70|0,00|0,0000|0,00|0,0000|0,00||0,00|
|C190|051|1102|0,00|68484,00|0,00|0,00|0,00|0,00|0|00,00||
|C100|0|1|796371200001540|55|00|1|22426|41260279637120000154550010000224261000431930|11022026|11022026|61776,00|1|0,00||61776,00|1|0,00|0,00||0,00|0,00|0,00|0,00|0,00|0,00|0,00|||
|C170|1|101010001|SOJA EM GRAOS|31680,0000|KG|61776,00|0,00|0|051|1102|14|0,00|0,00|0,00|0,00|0,00|0,00|0|||0,00|0,00|0,00|70|0,00|0,0000|0,00|0,0000|0,00|70|0,00|0,0000|0,00|0,0000|0,00||0,00|
|C190|051|1102|0,00|61776,00|0,00|0,00|0,00|0,00|0|00,00||
|C100|0|1|796371200001540|55|00|1|22428|41260279637120000154550010000224281000431960|11022026|12022026|65247,00|1|0,00||65247,00|1|0,00|0,00||0,00|0,00|0,00|0,00|0,00|0,00|0,00|||
|C170|1|101010001|SOJA EM GRAOS|33460,0000|KG|65247,00|0,00|0|051|1102|14|0,00|0,00|0,00|0,00|0,00|0,00|0|||0,00|0,00|0,00|70|0,00|0,0000|0,00|0,0000|0,00|70|0,00|0,0000|0,00|0,0000|0,00||0,00|
|C190|051|1102|0,00|65247,00|0,00|0,00|0,00|0,00|0|00,00||
|C100|0|1|796371200001540|55|00|1|22429|41260279637120000154550010000224291000431975|12022026|12022026|80769,00|1|0,00||80769,00|1|0,00|0,00||0,00|0,00|0,00|0,00|0,00|0,00|0,00|||
|C170|1|101010001|SOJA EM GRAOS|41420,0000|KG|80769,00|0,00|0|051|1102|14|0,00|0,00|0,00|0,00|0,00|0,00|0|||0,00|0,00|0,00|70|0,00|0,0000|0,00|0,0000|0,00|70|0,00|0,0000|0,00|0,0000|0,00||0,00|
|C190|051|1102|0,00|80769,00|0,00|0,00|0,00|0,00|0|00,00||
|C100|0|1|796371200001540|55|00|1|22430|41260279637120000154550010000224301000431984|12022026|12022026|77800,00|1|0,00||77800,00|1|0,00|0,00||0,00|0,00|0,00|0,00|0,00|0,00|0,00|||
|C170|1|101010001|SOJA EM GRAOS|38900,0000|KG|77800,00|0,00|0|051|1102|14|0,00|0,00|0,00|0,00|0,00|0,00|0|||0,00|0,00|0,00|70|0,00|0,0000|0,00|0,0000|0,00|70|0,00|0,0000|0,00|0,0000|0,00||0,00|
|C190|051|1102|0,00|77800,00|0,00|0,00|0,00|0,00|0|00,00||
|C100|0|1|796371200001540|55|00|1|22431|41260279637120000154550010000224311000431990|12022026|12022026|66000,00|1|0,00||66000,00|1|0,00|0,00||0,00|0,00|0,00|0,00|0,00|0,00|0,00|||
|C170|1|101010001|SOJA EM GRAOS|33000,0000|KG|66000,00|0,00|0|051|1102|14|0,00|0,00|0,00|0,00|0,00|0,00|0|||0,00|0,00|0,00|70|0,00|0,0000|0,00|0,0000|0,00|70|0,00|0,0000|0,00|0,0000|0,00||0,00|
|C190|051|1102|0,00|66000,00|0,00|0,00|0,00|0,00|0|00,00||
|C100|0|1|796371200001540|55|00|1|22434|41260279637120000154550010000224341000432041|12022026|12022026|79600,00|1|0,00||79600,00|1|0,00|0,00||0,00|0,00|0,00|0,00|0,00|0,00|0,00|||
|C170|1|101010001|SOJA EM GRAOS|39800,0000|KG|79600,00|0,00|0|051|1102|14|0,00|0,00|0,00|0,00|0,00|0,00|0|||0,00|0,00|0,00|70|0,00|0,0000|0,00|0,0000|0,00|70|0,00|0,0000|0,00|0,0000|0,00||0,00|
|C190|051|1102|0,00|79600,00|0,00|0,00|0,00|0,00|0|00,00||
|C100|0|1|796371200001540|55|00|1|22438|41260279637120000154550010000224381000432121|12022026|12022026|79920,00|1|0,00||79920,00|1|0,00|0,00||0,00|0,00|0,00|0,00|0,00|0,00|0,00|||
|C170|1|101010001|SOJA EM GRAOS|39960,0000|KG|79920,00|0,00|0|051|1102|14|0,00|0,00|0,00|0,00|0,00|0,00|0|||0,00|0,00|0,00|70|0,00|0,0000|0,00|0,0000|0,00|70|0,00|0,0000|0,00|0,0000|0,00||0,00|
|C190|051|1102|0,00|79920,00|0,00|0,00|0,00|0,00|0|00,00||
|C100|0|1|796371200001540|55|00|1|22439|41260279637120000154550010000224391000432137|12022026|12022026|65360,00|1|0,00||65360,00|1|0,00|0,00||0,00|0,00|0,00|0,00|0,00|0,00|0,00|||
|C170|1|101010001|SOJA EM GRAOS|32680,0000|KG|65360,00|0,00|0|051|1102|14|0,00|0,00|0,00|0,00|0,00|0,00|0|||0,00|0,00|0,00|70|0,00|0,0000|0,00|0,0000|0,00|70|0,00|0,0000|0,00|0,0000|0,00||0,00|
|C190|051|1102|0,00|65360,00|0,00|0,00|0,00|0,00|0|00,00||
|C100|0|1|796371200001540|55|00|1|22443|41260279637120000154550010000224431000432237|13022026|13022026|75440,00|1|0,00||75440,00|1|0,00|0,00||0,00|0,00|0,00|0,00|0,00|0,00|0,00|||
|C170|1|101010001|SOJA EM GRAOS|37720,0000|KG|75440,00|0,00|0|051|1102|14|0,00|0,00|0,00|0,00|0,00|0,00|0|||0,00|0,00|0,00|70|0,00|0,0000|0,00|0,0000|0,00|70|0,00|0,0000|0,00|0,0000|0,00||0,00|
|C190|051|1102|0,00|75440,00|0,00|0,00|0,00|0,00|0|00,00||
|C100|0|1|796371200001540|55|00|1|22447|41260279637120000154550010000224471000432333|14022026|14022026|81000,00|1|0,00||81000,00|1|0,00|0,00||0,00|0,00|0,00|0,00|0,00|0,00|0,00|||
|C170|1|101010001|SOJA EM GRAOS|40500,0000|KG|81000,00|0,00|0|051|1102|14|0,00|0,00|0,00|0,00|0,00|0,00|0|||0,00|0,00|0,00|70|0,00|0,0000|0,00|0,0000|0,00|70|0,00|0,0000|0,00|0,0000|0,00||0,00|
|C190|051|1102|0,00|81000,00|0,00|0,00|0,00|0,00|0|00,00||
|C100|0|1|796371200001540|55|00|1|22448|41260279637120000154550010000224481000432349|14022026|14022026|76320,00|1|0,00||76320,00|1|0,00|0,00||0,00|0,00|0,00|0,00|0,00|0,00|0,00|||
|C170|1|101010001|SOJA EM GRAOS|38160,0000|KG|76320,00|0,00|0|051|1102|14|0,00|0,00|0,00|0,00|0,00|0,00|0|||0,00|0,00|0,00|70|0,00|0,0000|0,00|0,0000|0,00|70|0,00|0,0000|0,00|0,0000|0,00||0,00|
|C190|051|1102|0,00|76320,00|0,00|0,00|0,00|0,00|0|00,00||
|C100|0|1|796371200001540|55|00|1|22551|41260279637120000154550010000225511000434148|26022026|26022026|77000,00|1|0,00||77000,00|1|0,00|0,00||0,00|0,00|0,00|0,00|0,00|0,00|0,00|||
|C170|1|101010001|SOJA EM GRAOS|38500,0000|KG|77000,00|0,00|0|051|1102|14|0,00|0,00|0,00|0,00|0,00|0,00|0|||0,00|0,00|0,00|70|0,00|0,0000|0,00|0,0000|0,00|70|0,00|0,0000|0,00|0,0000|0,00||0,00|
|C190|051|1102|0,00|77000,00|0,00|0,00|0,00|0,00|0|00,00||
|C100|0|1|796371200001540|55|00|1|22552|41260279637120000154550010000225521000434153|26022026|26022026|78480,00|1|0,00||78480,00|1|0,00|0,00||0,00|0,00|0,00|0,00|0,00|0,00|0,00|||
|C170|1|101010001|SOJA EM GRAOS|39240,0000|KG|78480,00|0,00|0|051|1102|14|0,00|0,00|0,00|0,00|0,00|0,00|0|||0,00|0,00|0,00|70|0,00|0,0000|0,00|0,0000|0,00|70|0,00|0,0000|0,00|0,0000|0,00||0,00|
|C190|051|1102|0,00|78480,00|0,00|0,00|0,00|0,00|0|00,00||
|C100|0|1|796371200001540|55|00|1|22554|41260279637120000154550010000225541000434174|26022026|26022026|69040,00|1|0,00||69040,00|1|0,00|0,00||0,00|0,00|0,00|0,00|0,00|0,00|0,00|||
|C170|1|101010001|SOJA EM GRAOS|34520,0000|KG|69040,00|0,00|0|051|1102|14|0,00|0,00|0,00|0,00|0,00|0,00|0|||0,00|0,00|0,00|70|0,00|0,0000|0,00|0,0000|0,00|70|0,00|0,0000|0,00|0,0000|0,00||0,00|
|C190|051|1102|0,00|69040,00|0,00|0,00|0,00|0,00|0|00,00||
|C100|0|1|796371200001540|55|00|1|22556|41260279637120000154550010000225561000434195|26022026|26022026|74960,00|1|0,00||74960,00|1|0,00|0,00||0,00|0,00|0,00|0,00|0,00|0,00|0,00|||
|C170|1|101010001|SOJA EM GRAOS|37480,0000|KG|74960,00|0,00|0|051|1102|14|0,00|0,00|0,00|0,00|0,00|0,00|0|||0,00|0,00|0,00|70|0,00|0,0000|0,00|0,0000|0,00|70|0,00|0,0000|0,00|0,0000|0,00||0,00|
|C190|051|1102|0,00|74960,00|0,00|0,00|0,00|0,00|0|00,00||
|C100|0|1|796371200001540|55|00|1|22557|41260279637120000154550010000225571000434206|26022026|26022026|70400,00|1|0,00||70400,00|1|0,00|0,00||0,00|0,00|0,00|0,00|0,00|0,00|0,00|||
|C170|1|101010001|SOJA EM GRAOS|35200,0000|KG|70400,00|0,00|0|051|1102|14|0,00|0,00|0,00|0,00|0,00|0,00|0|||0,00|0,00|0,00|70|0,00|0,0000|0,00|0,0000|0,00|70|0,00|0,0000|0,00|0,0000|0,00||0,00|
|C190|051|1102|0,00|70400,00|0,00|0,00|0,00|0,00|0|00,00||
|C100|0|1|796371200001540|55|00|1|22559|41260279637120000154550010000225591000434243|26022026|26022026|79160,00|1|0,00||79160,00|1|0,00|0,00||0,00|0,00|0,00|0,00|0,00|0,00|0,00|||
|C170|1|101010001|SOJA EM GRAOS|39580,0000|KG|79160,00|0,00|0|051|1102|14|0,00|0,00|0,00|0,00|0,00|0,00|0|||0,00|0,00|0,00|70|0,00|0,0000|0,00|0,0000|0,00|70|0,00|0,0000|0,00|0,0000|0,00||0,00|
|C190|051|1102|0,00|79160,00|0,00|0,00|0,00|0,00|0|00,00||
|C100|0|1|796371200001540|55|00|1|22561|41260279637120000154550010000225611000434276|26022026|26022026|81720,00|1|0,00||81720,00|1|0,00|0,00||0,00|0,00|0,00|0,00|0,00|0,00|0,00|||
|C170|1|101010001|SOJA EM GRAOS|40860,0000|KG|81720,00|0,00|0|051|1102|14|0,00|0,00|0,00|0,00|0,00|0,00|0|||0,00|0,00|0,00|70|0,00|0,0000|0,00|0,0000|0,00|70|0,00|0,0000|0,00|0,0000|0,00||0,00|
|C190|051|1102|0,00|81720,00|0,00|0,00|0,00|0,00|0|00,00||
|C100|0|1|796371200001540|55|00|1|22564|41260279637120000154550010000225641000434332|27022026|27022026|69240,00|1|0,00||69240,00|0|0,00|0,00||0,00|0,00|0,00|0,00|0,00|0,00|0,00|||
|C170|1|101010001|SOJA EM GRAOS|34620,0000|KG|69240,00|0,00|0|051|1102|14|0,00|0,00|0,00|0,00|0,00|0,00|0|||0,00|0,00|0,00|70|0,00|0,0000|0,00|0,0000|0,00|70|0,00|0,0000|0,00|0,0000|0,00||0,00|
|C190|051|1102|0,00|69240,00|0,00|0,00|0,00|0,00|0|00,00||
|C100|0|1|796371200001540|55|00|1|22580|41260279637120000154550010000225801000434620|28022026|28022026|3776,00|1|0,00||3776,00|1|0,00|0,00||0,00|0,00|0,00|0,00|0,00|0,00|0,00|||
|C170|1|101010001|SOJA EM GRAOS|1920,0000|KG|3776,00|0,00|0|051|1102|14|0,00|0,00|0,00|0,00|0,00|0,00|0|||0,00|0,00|0,00|70|0,00|0,0000|0,00|0,0000|0,00|70|0,00|0,0000|0,00|0,0000|0,00||0,00|
|C190|051|1102|0,00|3776,00|0,00|0,00|0,00|0,00|0|00,00||
|C100|0|1|796371200001540|55|00|1|22583|41260279637120000154550010000225831000434672|28022026|28022026|70328,00|1|0,00||70328,00|1|0,00|0,00||0,00|0,00|0,00|0,00|0,00|0,00|0,00|||
|C170|1|101010001|SOJA EM GRAOS|35760,0000|KG|70328,00|0,00|0|051|1102|14|0,00|0,00|0,00|0,00|0,00|0,00|0|||0,00|0,00|0,00|70|0,00|0,0000|0,00|0,0000|0,00|70|0,00|0,0000|0,00|0,0000|0,00||0,00|
|C190|051|1102|0,00|70328,00|0,00|0,00|0,00|0,00|0|00,00||
|C100|0|1|796371200001540|55|00|1|22586|41260279637120000154550010000225861000434720|28022026|28022026|75677,00|1|0,00||75677,00|1|0,00|0,00||0,00|0,00|0,00|0,00|0,00|0,00|0,00|||
|C170|1|101010001|SOJA EM GRAOS|38480,0000|KG|75677,00|0,00|0|051|1102|14|0,00|0,00|0,00|0,00|0,00|0,00|0|||0,00|0,00|0,00|70|0,00|0,0000|0,00|0,0000|0,00|70|0,00|0,0000|0,00|0,0000|0,00||0,00|
|C190|051|1102|0,00|75677,00|0,00|0,00|0,00|0,00|0|00,00||
|C100|0|1|796371200001540|55|00|1|22587|41260279637120000154550010000225871000434736|28022026|28022026|75441,00|1|0,00||75441,00|1|0,00|0,00||0,00|0,00|0,00|0,00|0,00|0,00|0,00|||
|C170|1|101010001|SOJA EM GRAOS|38360,0000|KG|75441,00|0,00|0|051|1102|14|0,00|0,00|0,00|0,00|0,00|0,00|0|||0,00|0,00|0,00|70|0,00|0,0000|0,00|0,0000|0,00|70|0,00|0,0000|0,00|0,0000|0,00||0,00|
|C190|051|1102|0,00|75441,00|0,00|0,00|0,00|0,00|0|00,00||
|C100|0|1|796371200001540|55|00|1|22588|41260279637120000154550010000225881000434741|28022026|28022026|70210,00|1|0,00||70210,00|1|0,00|0,00||0,00|0,00|0,00|0,00|0,00|0,00|0,00|||
|C170|1|101010001|SOJA EM GRAOS|35700,0000|KG|70210,00|0,00|0|051|1102|14|0,00|0,00|0,00|0,00|0,00|0,00|0|||0,00|0,00|0,00|70|0,00|0,0000|0,00|0,0000|0,00|70|0,00|0,0000|0,00|0,0000|0,00||0,00|
|C190|051|1102|0,00|70210,00|0,00|0,00|0,00|0,00|0|00,00||
|C100|0|1|798635690071430|55|00|7|17522|41260279863569007143550070000175221508028655|10022026|13022026|231,13|1|0,00||231,13|0|0,00|0,00||0,00|0,00|0,00|0,00|0,00|3,81|17,57|||
|C170|1|904010005|COMBUSTIVEIS E LUBRIFICANTES|48,2530|UND|231,13|0,00|1|061|1653|9112|0,00|0,00|0,00|0,00|0,00|0,00|0|||0,00|0,00|0,00|50|231,13|1,6500|0,00|0,0000|3,81|50|231,13|7,6000|0,00|0,0000|17,57||0,00|
|C190|061|1653|0,00|231,13|0,00|0,00|0,00|0,00|0|00,00||
|C100|0|1|798635690071430|55|00|7|18198|41260279863569007143550070000181981139079123|23022026|24022026|195,19|1|0,00||195,19|0|0,00|0,00||0,00|0,00|0,00|0,00|0,00|3,22|14,83|||
|C170|1|904010005|COMBUSTIVEIS E LUBRIFICANTES|40,7500|UND|195,19|0,00|1|061|1653|9112|0,00|0,00|0,00|0,00|0,00|0,00|0|||0,00|0,00|0,00|50|195,19|1,6500|0,00|0,0000|3,22|50|195,19|7,6000|0,00|0,0000|14,83||0,00|
|C190|061|1653|0,00|195,19|0,00|0,00|0,00|0,00|0|00,00||
|C100|0|0|833052350078060|55|00|2|20|41260262780383000115550020000000201745039770|13022026|13022026|83514,76|1|0,00||83514,76|1|0,00|0,00||83514,76|10021,77|0,00|0,00|0,00|0,00|0,00|||
|C190|000|2202|12,00|83514,76|83514,76|10021,77|0,00|0,00|0|00,00||
|C100|0|0|833052350078060|55|00|2|21|41260262780383000115550020000000211814529015|13022026|13022026|74141,78|1|0,00||74141,78|1|0,00|0,00||74141,78|8897,01|0,00|0,00|0,00|0,00|0,00|||
|C190|000|2202|12,00|74141,78|74141,78|8897,01|0,00|0,00|0|00,00||
|C100|0|0|833052350078060|55|00|2|22|41260262780383000115550020000000221625664303|13022026|13022026|77820,07|1|0,00||77820,07|1|0,00|0,00||77820,07|9338,41|0,00|0,00|0,00|0,00|0,00|||
|C190|000|2202|12,00|77820,07|77820,07|9338,41|0,00|0,00|0|00,00||
|C100|0|0|833052350078060|55|00|2|23|41260262780383000115550020000000231118846947|13022026|13022026|85198,79|1|0,00||85198,79|1|0,00|0,00||85198,79|10223,85|0,00|0,00|0,00|0,00|0,00|||
|C190|000|2202|12,00|85198,79|85198,79|10223,85|0,00|0,00|0|00,00||
|C100|0|0|833052350078060|55|00|2|24|41260262780383000115550020000000241164868521|13022026|13022026|86639,08|1|0,00||86639,08|1|0,00|0,00||86639,08|10396,69|0,00|0,00|0,00|0,00|0,00|||
|C190|000|2202|12,00|86639,08|86639,08|10396,69|0,00|0,00|0|00,00||
|C100|0|0|833052350078060|55|00|2|25|41260262780383000115550020000000251261707410|13022026|13022026|88544,70|1|0,00||88544,70|1|0,00|0,00||88544,70|10625,36|0,00|0,00|0,00|0,00|0,00|||
|C190|000|2202|12,00|88544,70|88544,70|10625,36|0,00|0,00|0|00,00||
|C100|0|0|833052350078060|55|00|2|26|41260262780383000115550020000000261455258562|13022026|13022026|88190,17|1|0,00||88190,17|1|0,00|0,00||88190,17|10582,82|0,00|0,00|0,00|0,00|0,00|||
|C190|000|2202|12,00|88190,17|88190,17|10582,82|0,00|0,00|0|00,00||
|C100|0|0|833052350078060|55|00|2|27|41260262780383000115550020000000271618186490|13022026|13022026|73122,50|1|0,00||73122,50|1|0,00|0,00||73122,50|8774,70|0,00|0,00|0,00|0,00|0,00|||
|C190|000|2202|12,00|73122,50|73122,50|8774,70|0,00|0,00|0|00,00||
|C100|0|0|833052350078060|55|00|2|28|41260262780383000115550020000000281406642529|13022026|13022026|86195,92|1|0,00||86195,92|1|0,00|0,00||86195,92|10343,51|0,00|0,00|0,00|0,00|0,00|||
|C190|000|2202|12,00|86195,92|86195,92|10343,51|0,00|0,00|0|00,00||
|C100|0|0|833052350078060|55|00|2|29|41260262780383000115550020000000291962026001|13022026|13022026|91779,82|1|0,00||91779,82|1|0,00|0,00||91779,82|11013,58|0,00|0,00|0,00|0,00|0,00|||
|C190|000|2202|12,00|91779,82|91779,82|11013,58|0,00|0,00|0|00,00||
|C100|0|1|833052350078060|55|00|2|175922|42260283305235007806550020001759221477074694|16022026|26022026|4896,99|1|0,00||4896,99|1|0,00|0,00||4896,99|587,64|0,00|0,00|0,00|0,00|0,00|||
|C170|1|101010001|SOJA EM GRAOS|2210,0000|KG|4896,99|0,00|0|000|2202|214|4896,99|12,00|587,64|0,00|0,00|0,00|0|||0,00|0,00|0,00|98|0,00|0,0000|0,00|0,0000|0,00|98|0,00|0,0000|0,00|0,0000|0,00||0,00|
|C190|000|2202|12,00|4896,99|4896,99|587,64|0,00|0,00|0|00,00||
|C100|0|1|833052350078060|55|00|2|176701|42260283305235007806550020001767011479593722|23022026|26022026|2742,14|1|0,00||2742,14|1|0,00|0,00||2742,14|329,06|0,00|0,00|0,00|0,00|0,00|||
|C170|1|101010001|SOJA EM GRAOS|1227,0000|KG|2742,14|0,00|0|000|2202|214|2742,14|12,00|329,06|0,00|0,00|0,00|0|||0,00|0,00|0,00|98|0,00|0,0000|0,00|0,0000|0,00|98|0,00|0,0000|0,00|0,0000|0,00||0,00|
|C190|000|2202|12,00|2742,14|2742,14|329,06|0,00|0,00|0|00,00||
|C100|1|0|833052350078060|55|00|1|578|41260262780383000115550010000005781242386722|04022026|04022026|84511,88|1|0,00||84511,88|1|0,00|0,00||84511,88|10141,43|0,00|0,00|0,00|0,00|0,00|||
|C190|000|6102|12,00|84511,88|84511,88|10141,43|0,00|0,00|0|00,00||
|C100|1|0|833052350078060|55|00|1|579|41260262780383000115550010000005791513230526|05022026|05022026|84068,72|1|0,00||84068,72|1|0,00|0,00||84068,72|10088,25|0,00|0,00|0,00|0,00|0,00|||
|C190|000|6102|12,00|84068,72|84068,72|10088,25|0,00|0,00|0|00,00||
|C100|1|0|833052350078060|55|00|1|580|41260262780383000115550010000005801113443329|05022026|05022026|87924,27|1|0,00||87924,27|1|0,00|0,00||87924,27|10550,91|0,00|0,00|0,00|0,00|0,00|||
|C190|000|6102|12,00|87924,27|87924,27|10550,91|0,00|0,00|0|00,00||
|C100|1|0|833052350078060|55|00|1|588|41260262780383000115550010000005881119179680|06022026|06022026|85752,75|1|0,00||85752,75|1|0,00|0,00||85752,75|10290,33|0,00|0,00|0,00|0,00|0,00|||
|C190|000|6102|12,00|85752,75|85752,75|10290,33|0,00|0,00|0|00,00||
|C100|1|0|833052350078060|55|00|1|589|41260262780383000115550010000005891124520325|06022026|06022026|71128,25|1|0,00||71128,25|1|0,00|0,00||71128,25|8535,39|0,00|0,00|0,00|0,00|0,00|||
|C190|000|6102|12,00|71128,25|71128,25|8535,39|0,00|0,00|0|00,00||
|C100|1|0|833052350078060|55|00|1|590|41260262780383000115550010000005901119372055|07022026|07022026|88278,80|1|0,00||88278,80|1|0,00|0,00||88278,80|10593,46|0,00|0,00|0,00|0,00|0,00|||
|C190|000|6102|12,00|88278,80|88278,80|10593,46|0,00|0,00|0|00,00||
|C100|1|0|833052350078060|55|00|1|591|41260262780383000115550010000005911423586296|07022026|07022026|85486,85|1|0,00||85486,85|1|0,00|0,00||85486,85|10258,42|0,00|0,00|0,00|0,00|0,00|||
|C190|000|6102|12,00|85486,85|85486,85|10258,42|0,00|0,00|0|00,00||
|C100|1|0|833052350078060|55|00|1|592|41260262780383000115550010000005921492212224|07022026|07022026|82207,42|1|0,00||82207,42|1|0,00|0,00||82207,42|9864,89|0,00|0,00|0,00|0,00|0,00|||
|C190|000|6102|12,00|82207,42|82207,42|9864,89|0,00|0,00|0|00,00||
|C100|1|0|833052350078060|55|00|1|593|41260262780383000115550010000005931753262898|09022026|09022026|90162,26|1|0,00||90162,26|1|0,00|0,00||90162,26|10819,47|0,00|0,00|0,00|0,00|0,00|||
|C190|000|6102|12,00|90162,26|90162,26|10819,47|0,00|0,00|0|00,00||
|C100|1|0|833052350078060|55|00|1|597|41260262780383000115550010000005971322646432|09022026|09022026|69399,90|1|0,00||69399,90|1|0,00|0,00||69399,90|8327,99|0,00|0,00|0,00|0,00|0,00|||
|C190|000|6102|12,00|69399,90|69399,90|8327,99|0,00|0,00|0|00,00||
|C100|1|0|833052350078060|55|00|1|599|41260262780383000115550010000005991880589881|10022026|10022026|85198,79|1|0,00||85198,79|1|0,00|0,00||85198,79|10223,85|0,00|0,00|0,00|0,00|0,00|||
|C190|000|6102|12,00|85198,79|85198,79|10223,85|0,00|0,00|0|00,00||
|C100|1|0|833052350078060|55|00|1|600|41260262780383000115550010000006001726432725|10022026|10022026|84556,20|1|0,00||84556,20|1|0,00|0,00||84556,20|10146,74|0,00|0,00|0,00|0,00|0,00|||
|C190|000|6102|12,00|84556,20|84556,20|10146,74|0,00|0,00|0|00,00||
|C100|1|0|833052350078060|55|00|1|604|41260262780383000115550010000006041371214105|10022026|10022026|84866,41|1|0,00||84866,41|1|0,00|0,00||84866,41|10183,97|0,00|0,00|0,00|0,00|0,00|||
|C190|000|6102|12,00|84866,41|84866,41|10183,97|0,00|0,00|0|00,00||
|C100|1|0|833052350078060|55|00|1|607|41260262780383000115550010000006071547262109|10022026|10022026|86772,03|1|0,00||86772,03|1|0,00|0,00||86772,03|10412,64|0,00|0,00|0,00|0,00|0,00|||
|C190|000|6102|12,00|86772,03|86772,03|10412,64|0,00|0,00|0|00,00||
|C100|1|0|833052350078060|55|00|1|608|41260262780383000115550010000006081640248444|11022026|11022026|90184,42|1|0,00||90184,42|1|0,00|0,00||90184,42|10822,13|0,00|0,00|0,00|0,00|0,00|||
|C190|000|6102|12,00|90184,42|90184,42|10822,13|0,00|0,00|0|00,00||
|C100|1|0|833052350078060|55|00|1|610|41260262780383000115550010000006101961437100|11022026|11022026|84600,52|1|0,00||84600,52|1|0,00|0,00||84600,52|10152,06|0,00|0,00|0,00|0,00|0,00|||
|C190|000|6102|12,00|84600,52|84600,52|10152,06|0,00|0,00|0|00,00||
|C100|1|0|833052350078060|55|00|1|611|41260262780383000115550010000006111632267341|11022026|11022026|83514,76|1|0,00||83514,76|1|0,00|0,00||83514,76|10021,77|0,00|0,00|0,00|0,00|0,00|||
|C190|000|6102|12,00|83514,76|83514,76|10021,77|0,00|0,00|0|00,00||
|C100|1|0|833052350078060|55|00|1|612|41260262780383000115550010000006121830117378|11022026|11022026|85198,79|1|0,00||85198,79|1|0,00|0,00||85198,79|10223,85|0,00|0,00|0,00|0,00|0,00|||
|C190|000|6102|12,00|85198,79|85198,79|10223,85|0,00|0,00|0|00,00||
|C100|1|0|833052350078060|55|00|1|614|41260262780383000115550010000006141893665105|11022026|11022026|77820,07|1|0,00||77820,07|1|0,00|0,00||77820,07|9338,41|0,00|0,00|0,00|0,00|0,00|||
|C190|000|6102|12,00|77820,07|77820,07|9338,41|0,00|0,00|0|00,00||
|C100|1|0|833052350078060|55|00|1|615|41260262780383000115550010000006151822457264|12022026|12022026|74141,78|1|0,00||74141,78|1|0,00|0,00||74141,78|8897,01|0,00|0,00|0,00|0,00|0,00|||
|C190|000|6102|12,00|74141,78|74141,78|8897,01|0,00|0,00|0|00,00||
|C100|1|0|833052350078060|55|00|1|617|41260262780383000115550010000006171814258260|12022026|12022026|91779,82|1|0,00||91779,82|1|0,00|0,00||91779,82|11013,58|0,00|0,00|0,00|0,00|0,00|||
|C190|000|6102|12,00|91779,82|91779,82|11013,58|0,00|0,00|0|00,00||
|C100|1|0|833052350078060|55|00|1|618|41260262780383000115550010000006181410531787|12022026|12022026|86195,92|1|0,00||86195,92|1|0,00|0,00||86195,92|10343,51|0,00|0,00|0,00|0,00|0,00|||
|C190|000|6102|12,00|86195,92|86195,92|10343,51|0,00|0,00|0|00,00||
|C100|1|0|833052350078060|55|00|1|623|41260262780383000115550010000006231982223956|12022026|12022026|73122,50|1|0,00||73122,50|1|0,00|0,00||73122,50|8774,70|0,00|0,00|0,00|0,00|0,00|||
|C190|000|6102|12,00|73122,50|73122,50|8774,70|0,00|0,00|0|00,00||
|C100|1|0|833052350078060|55|00|1|627|41260262780383000115550010000006271176222204|12022026|12022026|88190,17|1|0,00||88190,17|1|0,00|0,00||88190,17|10582,82|0,00|0,00|0,00|0,00|0,00|||
|C190|000|6102|12,00|88190,17|88190,17|10582,82|0,00|0,00|0|00,00||
|C100|1|0|833052350078060|55|00|1|628|41260262780383000115550010000006281682899772|12022026|12022026|88544,70|1|0,00||88544,70|1|0,00|0,00||88544,70|10625,36|0,00|0,00|0,00|0,00|0,00|||
|C190|000|6102|12,00|88544,70|88544,70|10625,36|0,00|0,00|0|00,00||
|C100|1|0|833052350078060|55|00|1|629|41260262780383000115550010000006291092126268|12022026|12022026|86639,08|1|0,00||86639,08|1|0,00|0,00||86639,08|10396,69|0,00|0,00|0,00|0,00|0,00|||
|C190|000|6102|12,00|86639,08|86639,08|10396,69|0,00|0,00|0|00,00||
|C100|1|0|833052350078060|55|00|1|632|41260262780383000115550010000006321423687798|12022026|12022026|73034,35|1|0,00||73034,35|1|0,00|0,00||73034,35|8764,12|0,00|0,00|0,00|0,00|0,00|||
|C190|000|6102|12,00|73034,35|73034,35|8764,12|0,00|0,00|0|00,00||
|C100|1|0|833052350078060|55|00|1|633|41260262780383000115550010000006331322286248|13022026|13022026|84297,91|1|0,00||84297,91|1|0,00|0,00||84297,91|10115,75|0,00|0,00|0,00|0,00|0,00|||
|C190|000|6102|12,00|84297,91|84297,91|10115,75|0,00|0,00|0|00,00||
|C100|1|0|833052350078060|55|00|1|634|41260262780383000115550010000006341364696700|13022026|13022026|73749,50|1|0,00||73749,50|1|0,00|0,00||73749,50|8849,94|0,00|0,00|0,00|0,00|0,00|||
|C190|000|6102|12,00|73749,50|73749,50|8849,94|0,00|0,00|0|00,00||
|C100|1|0||55|02|1|635|41260262780383000115550010000006351025274908|||||||||||||||||||||
|C100|1|0|833052350078060|55|00|1|636|41260262780383000115550010000006361220229654|13022026|13022026|78487,35|1|0,00||78487,35|1|0,00|0,00||78487,35|9418,48|0,00|0,00|0,00|0,00|0,00|||
|C190|000|6102|12,00|78487,35|78487,35|9418,48|0,00|0,00|0|00,00||
|C100|1|0|833052350078060|55|00|1|637|41260262780383000115550010000006371351186271|13022026|13022026|74777,52|1|0,00||74777,52|1|0,00|0,00||74777,52|8973,30|0,00|0,00|0,00|0,00|0,00|||
|C190|000|6102|12,00|74777,52|74777,52|8973,30|0,00|0,00|0|00,00||
|C100|1|0|833052350078060|55|00|1|638|41260262780383000115550010000006381332561604|13022026|13022026|89303,94|1|0,00||89303,94|1|0,00|0,00||89303,94|10716,47|0,00|0,00|0,00|0,00|0,00|||
|C190|000|6102|12,00|89303,94|89303,94|10716,47|0,00|0,00|0|00,00||
|C100|1|0|833052350078060|55|00|1|639|41260262780383000115550010000006391136160128|13022026|13022026|88946,37|1|0,00||88946,37|1|0,00|0,00||88946,37|10673,56|0,00|0,00|0,00|0,00|0,00|||
|C190|000|6102|12,00|88946,37|88946,37|10673,56|0,00|0,00|0|00,00||
|C100|1|0|833052350078060|55|00|1|640|41260262780383000115550010000006401217363330|13022026|13022026|87381,98|1|0,00||87381,98|1|0,00|0,00||87381,98|10485,84|0,00|0,00|0,00|0,00|0,00|||
|C190|000|6102|12,00|87381,98|87381,98|10485,84|0,00|0,00|0|00,00||
|C100|1|0|833052350078060|55|00|1|641|41260262780383000115550010000006411346488160|13022026|13022026|92566,80|1|0,00||92566,80|1|0,00|0,00||92566,80|11108,02|0,00|0,00|0,00|0,00|0,00|||
|C190|000|6102|12,00|92566,80|92566,80|11108,02|0,00|0,00|0|00,00||
|C100|1|0|833052350078060|55|00|1|642|41260262780383000115550010000006421088913260|13022026|13022026|86935,02|1|0,00||86935,02|1|0,00|0,00||86935,02|10432,20|0,00|0,00|0,00|0,00|0,00|||
|C190|000|6102|12,00|86935,02|86935,02|10432,20|0,00|0,00|0|00,00||
|C100|1|0|833052350078060|55|00|1|643|41260262780383000115550010000006431961647105|13022026|13022026|84230,87|1|0,00||84230,87|1|0,00|0,00||84230,87|10107,70|0,00|0,00|0,00|0,00|0,00|||
|C190|000|6102|12,00|84230,87|84230,87|10107,70|0,00|0,00|0|00,00||
|C100|1|0|833052350078060|55|00|1|644|41260262780383000115550010000006441204412522|14022026|14022026|90510,75|1|0,00||90510,75|1|0,00|0,00||90510,75|10861,29|0,00|0,00|0,00|0,00|0,00|||
|C190|000|6102|12,00|90510,75|90510,75|10861,29|0,00|0,00|0|00,00||
|C100|1|0|833052350078060|55|00|1|645|41260262780383000115550010000006451145612807|14022026|14022026|85929,34|1|0,00||85929,34|1|0,00|0,00||85929,34|10311,52|0,00|0,00|0,00|0,00|0,00|||
|C190|000|6102|12,00|85929,34|85929,34|10311,52|0,00|0,00|0|00,00||
|C100|1|0|833052350078060|55|00|1|653|41260262780383000115550010000006531401623738|14022026|14022026|85281,24|1|0,00||85281,24|1|0,00|0,00||85281,24|10233,75|0,00|0,00|0,00|0,00|0,00|||
|C190|000|6102|12,00|85281,24|85281,24|10233,75|0,00|0,00|0|00,00||
|C100|1|0|833052350078060|55|00|1|654|41260262780383000115550010000006541166124436|16022026|16022026|70687,78|1|0,00||70687,78|1|0,00|0,00||70687,78|8482,53|0,00|0,00|0,00|0,00|0,00|||
|C190|000|6102|12,00|70687,78|70687,78|8482,53|0,00|0,00|0|00,00||
|C100|1|0|833052350078060|55|00|1|672|41260262780383000115550010000006721793396564|19022026|19022026|70576,04|1|0,00||70576,04|1|0,00|0,00||70576,04|8469,12|0,00|0,00|0,00|0,00|0,00|||
|C190|000|6102|12,00|70576,04|70576,04|8469,12|0,00|0,00|0|00,00||
|C100|1|0|833052350078060|55|00|1|676|41260262780383000115550010000006761434742056|19022026|19022026|73079,06|1|0,00||73079,06|1|0,00|0,00||73079,06|8769,49|0,00|0,00|0,00|0,00|0,00|||
|C190|000|6102|12,00|73079,06|73079,06|8769,49|0,00|0,00|0|00,00||
|C100|0|1|886326529150|55|00|26|40220001|41260200088632652915550260402200013702177780|04022026|05022026|47677,50|1|0,00||47677,50|1|0,00|0,00||0,00|0,00|0,00|0,00|0,00|236,00|1087,05|||
|C170|1|101010001|SOJA EM GRAOS|24450,0000|KG|47677,50|0,00|0|051|1102|11|0,00|0,00|0,00|0,00|0,00|0,00|0|||0,00|0,00|0,00|60|47677,50|0,4950|0,00|0,0000|236,00|60|47677,50|2,2800|0,00|0,0000|1087,05||0,00|
|C190|051|1102|0,00|47677,50|0,00|0,00|0,00|0,00|0|00,00||
|C100|0|1|886326529150|55|00|26|40220002|41260200088632652915550260402200023702178546|04022026|05022026|24921,00|1|0,00||24921,00|1|0,00|0,00||0,00|0,00|0,00|0,00|0,00|123,36|568,20|||
|C170|1|101010001|SOJA EM GRAOS|12780,0000|KG|24921,00|0,00|0|051|1102|11|0,00|0,00|0,00|0,00|0,00|0,00|0|||0,00|0,00|0,00|60|24921,00|0,4950|0,00|0,0000|123,36|60|24921,00|2,2800|0,00|0,0000|568,20||0,00|
|C190|051|1102|0,00|24921,00|0,00|0,00|0,00|0,00|0|00,00||
|C100|0|1|918308360001790|55|00|3|245384|43260291830836000179550030002453841015084331|24022026|25022026|275,00|1|0,00||275,00|1|0,00|0,00||275,00|33,00|0,00|0,00|0,00|0,00|0,00|||
|C170|1|101010001|SOJA EM GRAOS|120,0000|KG|275,00|0,00|0|000|2202|214|275,00|12,00|33,00|0,00|0,00|0,00|0|||0,00|0,00|0,00|98|0,00|0,0000|0,00|0,0000|0,00|98|0,00|0,0000|0,00|0,0000|0,00||0,00|
|C190|000|2202|12,00|275,00|275,00|33,00|0,00|0,00|0|00,00||
|C100|1|0|918308360001790|55|00|1|570|41260262780383000115550010000005701144643501|02022026|02022026|87358,33|1|0,00||87358,33|1|0,00|0,00||87358,33|10483,00|0,00|0,00|0,00|0,00|0,00|||
|C190|000|6102|12,00|87358,33|87358,33|10483,00|0,00|0,00|0|00,00||
|C100|1|0|918308360001790|55|00|1|571|41260262780383000115550010000005711040404311|03022026|03022026|92079,17|1|0,00||92079,17|1|0,00|0,00||92079,17|11049,50|0,00|0,00|0,00|0,00|0,00|||
|C190|000|6102|12,00|92079,17|92079,17|11049,50|0,00|0,00|0|00,00||
|C100|1|0|918308360001790|55|00|1|572|41260262780383000115550010000005721315060712|03022026|03022026|90291,67|1|0,00||90291,67|1|0,00|0,00||90291,67|10835,00|0,00|0,00|0,00|0,00|0,00|||
|C190|000|6102|12,00|90291,67|90291,67|10835,00|0,00|0,00|0|00,00||
|C100|1|0|918308360001790|55|00|1|573|41260262780383000115550010000005731503611850|03022026|03022026|81995,83|1|0,00||81995,83|1|0,00|0,00||81995,83|9839,50|0,00|0,00|0,00|0,00|0,00|||
|C190|000|6102|12,00|81995,83|81995,83|9839,50|0,00|0,00|0|00,00||
|C100|1|0|918308360001790|55|00|1|575|41260262780383000115550010000005751207246233|04022026|04022026|86258,33|1|0,00||86258,33|1|0,00|0,00||86258,33|10351,00|0,00|0,00|0,00|0,00|0,00|||
|C190|000|6102|12,00|86258,33|86258,33|10351,00|0,00|0,00|0|00,00||
|C100|1|0|918308360001790|55|00|1|586|41260262780383000115550010000005861672228431|06022026|06022026|91208,33|1|0,00||91208,33|1|0,00|0,00||91208,33|10945,00|0,00|0,00|0,00|0,00|0,00|||
|C190|000|6102|12,00|91208,33|91208,33|10945,00|0,00|0,00|0|00,00||
|C100|1|0||55|02|1|630|41260262780383000115550010000006301513964788|||||||||||||||||||||
|C100|1|0|918308360001790|55|00|1|646|41260262780383000115550010000006461121463353|14022026|14022026|85868,75|1|0,00||85868,75|1|0,00|0,00||85868,75|10304,25|0,00|0,00|0,00|0,00|0,00|||
|C190|000|6102|12,00|85868,75|85868,75|10304,25|0,00|0,00|0|00,00||
|C100|1|0|918308360001790|55|00|1|647|41260262780383000115550010000006471569102851|14022026|14022026|85066,67|1|0,00||85066,67|1|0,00|0,00||85066,67|10208,00|0,00|0,00|0,00|0,00|0,00|||
|C190|000|6102|12,00|85066,67|85066,67|10208,00|0,00|0,00|0|00,00||
|C100|1|0|918308360001790|55|00|1|651|41260262780383000115550010000006511121146234|14022026|14022026|87243,75|1|0,00||87243,75|1|0,00|0,00||87243,75|10469,25|0,00|0,00|0,00|0,00|0,00|||
|C190|000|6102|12,00|87243,75|87243,75|10469,25|0,00|0,00|0|00,00||
|C100|1|0||55|02|1|670|41260262780383000115550010000006701714627261|||||||||||||||||||||
|C100|1|0|918308360001790|55|00|1|674|41260262780383000115550010000006741134243807|19022026|19022026|75212,50|1|0,00||75212,50|1|0,00|0,00||75212,50|9025,50|0,00|0,00|0,00|0,00|0,00|||
|C190|000|6102|12,00|75212,50|75212,50|9025,50|0,00|0,00|0|00,00||
|C100|1|0|918308360001790|55|00|1|677|41260262780383000115550010000006771114537866|19022026|19022026|88962,50|1|0,00||88962,50|1|0,00|0,00||88962,50|10675,50|0,00|0,00|0,00|0,00|0,00|||
|C190|000|6102|12,00|88962,50|88962,50|10675,50|0,00|0,00|0|00,00||
|C100|1|0|918308360001790|55|00|1|696|41260262780383000115550010000006961968643958|23022026|23022026|89237,50|1|0,00||89237,50|1|0,00|0,00||89237,50|10708,50|0,00|0,00|0,00|0,00|0,00|||
|C190|000|6102|12,00|89237,50|89237,50|10708,50|0,00|0,00|0|00,00||
|C100|1|0|918308360001790|55|00|1|697|41260262780383000115550010000006971621213207|23022026|23022026|74639,58|1|0,00||74639,58|1|0,00|0,00||74639,58|8956,75|0,00|0,00|0,00|0,00|0,00|||
|C190|000|6102|12,00|74639,58|74639,58|8956,75|0,00|0,00|0|00,00||
|C100|1|0|918308360001790|55|00|1|698|41260262780383000115550010000006981976163549|23022026|23022026|89695,83|1|0,00||89695,83|1|0,00|0,00||89695,83|10763,50|0,00|0,00|0,00|0,00|0,00|||
|C190|000|6102|12,00|89695,83|89695,83|10763,50|0,00|0,00|0|00,00||
|C100|1|0|918308360001790|55|00|1|699|41260262780383000115550010000006991388621586|23022026|23022026|85616,67|1|0,00||85616,67|1|0,00|0,00||85616,67|10274,00|0,00|0,00|0,00|0,00|0,00|||
|C190|000|6102|12,00|85616,67|85616,67|10274,00|0,00|0,00|0|00,00||
|C100|1|0|918308360001790|55|00|1|700|41260262780383000115550010000007001220484509|23022026|23022026|87266,67|1|0,00||87266,67|1|0,00|0,00||87266,67|10472,00|0,00|0,00|0,00|0,00|0,00|||
|C190|000|6102|12,00|87266,67|87266,67|10472,00|0,00|0,00|0|00,00||
|C100|1|0|918308360001790|55|00|1|701|41260262780383000115550010000007011038658413|23022026|23022026|72966,67|1|0,00||72966,67|1|0,00|0,00||72966,67|8756,00|0,00|0,00|0,00|0,00|0,00|||
|C190|000|6102|12,00|72966,67|72966,67|8756,00|0,00|0,00|0|00,00||
|C100|1|0|918308360001790|55|00|1|702|41260262780383000115550010000007021151414777|23022026|23022026|88641,67|1|0,00||88641,67|1|0,00|0,00||88641,67|10637,00|0,00|0,00|0,00|0,00|0,00|||
|C190|000|6102|12,00|88641,67|88641,67|10637,00|0,00|0,00|0|00,00||
|C100|1|0|918308360001790|55|00|1|703|41260262780383000115550010000007031618557595|23022026|23022026|91666,66|1|0,00||91666,66|1|0,00|0,00||91666,66|11000,00|0,00|0,00|0,00|0,00|0,00|||
|C190|000|6102|12,00|91666,66|91666,66|11000,00|0,00|0,00|0|00,00||
|C100|1|0|918308360001790|55|00|1|704|41260262780383000115550010000007041410657101|23022026|23022026|86991,67|1|0,00||86991,67|1|0,00|0,00||86991,67|10439,00|0,00|0,00|0,00|0,00|0,00|||
|C190|000|6102|12,00|86991,67|86991,67|10439,00|0,00|0,00|0|00,00||
|C100|1|0|918308360001790|55|00|1|705|41260262780383000115550010000007051410386806|23022026|23022026|89191,66|1|0,00||89191,66|1|0,00|0,00||89191,66|10703,00|0,00|0,00|0,00|0,00|0,00|||
|C190|000|6102|12,00|89191,66|89191,66|10703,00|0,00|0,00|0|00,00||
|C100|1|0|918308360001790|55|00|1|706|41260262780383000115550010000007061819129312|23022026|23022026|89420,83|1|0,00||89420,83|1|0,00|0,00||89420,83|10730,50|0,00|0,00|0,00|0,00|0,00|||
|C190|000|6102|12,00|89420,83|89420,83|10730,50|0,00|0,00|0|00,00||
|C100|1|0|918308360001790|55|00|1|707|41260262780383000115550010000007071187480253|24022026|24022026|89477,18|1|0,00||89477,18|1|0,00|0,00||89477,18|10737,26|0,00|0,00|0,00|0,00|0,00|||
|C190|000|6102|12,00|89477,18|89477,18|10737,26|0,00|0,00|0|00,00||
|C100|1|0|918308360001790|55|00|1|708|41260262780383000115550010000007081805614773|24022026|24022026|71807,13|1|0,00||71807,13|1|0,00|0,00||71807,13|8616,86|0,00|0,00|0,00|0,00|0,00|||
|C190|000|6102|12,00|71807,13|71807,13|8616,86|0,00|0,00|0|00,00||
|C100|1|0||55|02|1|709|41260262780383000115550010000007091116512858|||||||||||||||||||||
|C100|1|0|918308360001790|55|00|1|711|41260262780383000115550010000007111564245177|24022026|24022026|83279,14|1|0,00||83279,14|1|0,00|0,00||83279,14|9993,50|0,00|0,00|0,00|0,00|0,00|||
|C190|000|6102|12,00|83279,14|83279,14|9993,50|0,00|0,00|0|00,00||
|C100|1|0|918308360001790|55|00|1|712|41260262780383000115550010000007121844723556|24022026|24022026|83166,45|1|0,00||83166,45|1|0,00|0,00||83166,45|9979,97|0,00|0,00|0,00|0,00|0,00|||
|C190|000|6102|12,00|83166,45|83166,45|9979,97|0,00|0,00|0|00,00||
|C100|1|0|918308360001790|55|00|1|713|41260262780383000115550010000007131012163264|24022026|24022026|86502,12|1|0,00||86502,12|1|0,00|0,00||86502,12|10380,25|0,00|0,00|0,00|0,00|0,00|||
|C190|000|6102|12,00|86502,12|86502,12|10380,25|0,00|0,00|0|00,00||
|C100|1|0|918308360001790|55|00|1|714|41260262780383000115550010000007141413881025|24022026|24022026|83188,99|1|0,00||83188,99|1|0,00|0,00||83188,99|9982,68|0,00|0,00|0,00|0,00|0,00|||
|C190|000|6102|12,00|83188,99|83188,99|9982,68|0,00|0,00|0|00,00||
|C100|1|0|918308360001790|55|00|1|715|41260262780383000115550010000007151121616272|24022026|24022026|85149,82|1|0,00||85149,82|1|0,00|0,00||85149,82|10217,98|0,00|0,00|0,00|0,00|0,00|||
|C190|000|6102|12,00|85149,82|85149,82|10217,98|0,00|0,00|0|00,00||
|C100|1|0|918308360001790|55|00|1|716|41260262780383000115550010000007161849616943|24022026|24022026|88012,19|1|0,00||88012,19|1|0,00|0,00||88012,19|10561,46|0,00|0,00|0,00|0,00|0,00|||
|C190|000|6102|12,00|88012,19|88012,19|10561,46|0,00|0,00|0|00,00||
|C100|1|0|918308360001790|55|00|1|717|41260262780383000115550010000007171107413062|25022026|25022026|86186,59|1|0,00||86186,59|1|0,00|0,00||86186,59|10342,39|0,00|0,00|0,00|0,00|0,00|||
|C190|000|6102|12,00|86186,59|86186,59|10342,39|0,00|0,00|0|00,00||
|C100|1|0|918308360001790|55|00|1|718|41260262780383000115550010000007181414453603|25022026|25022026|90153,34|1|0,00||90153,34|1|0,00|0,00||90153,34|10818,40|0,00|0,00|0,00|0,00|0,00|||
|C190|000|6102|12,00|90153,34|90153,34|10818,40|0,00|0,00|0|00,00||
|C100|1|0|918308360001790|55|00|1|720|41260262780383000115550010000007201412181949|25022026|25022026|89837,80|1|0,00||89837,80|1|0,00|0,00||89837,80|10780,54|0,00|0,00|0,00|0,00|0,00|||
|C190|000|6102|12,00|89837,80|89837,80|10780,54|0,00|0,00|0|00,00||
|C100|1|0|918308360001790|55|00|1|722|41260262780383000115550010000007221271198357|25022026|25022026|74737,11|1|0,00||74737,11|1|0,00|0,00||74737,11|8968,45|0,00|0,00|0,00|0,00|0,00|||
|C190|000|6102|12,00|74737,11|74737,11|8968,45|0,00|0,00|0|00,00||
|C100|1|0|918308360001790|55|00|1|723|41260262780383000115550010000007231674368860|25022026|25022026|86592,28|1|0,00||86592,28|1|0,00|0,00||86592,28|10391,07|0,00|0,00|0,00|0,00|0,00|||
|C190|000|6102|12,00|86592,28|86592,28|10391,07|0,00|0,00|0|00,00||
|C100|1|0|918308360001790|55|00|1|724|41260262780383000115550010000007241526069462|25022026|25022026|90063,18|1|0,00||90063,18|1|0,00|0,00||90063,18|10807,58|0,00|0,00|0,00|0,00|0,00|||
|C190|000|6102|12,00|90063,18|90063,18|10807,58|0,00|0,00|0|00,00||
|C100|1|0|918308360001790|55|00|1|725|41260262780383000115550010000007251209739996|25022026|25022026|87065,58|1|0,00||87065,58|1|0,00|0,00||87065,58|10447,87|0,00|0,00|0,00|0,00|0,00|||
|C190|000|6102|12,00|87065,58|87065,58|10447,87|0,00|0,00|0|00,00||
|C100|1|0|918308360001790|55|00|1|726|41260262780383000115550010000007261534136100|25022026|25022026|84563,83|1|0,00||84563,83|1|0,00|0,00||84563,83|10147,66|0,00|0,00|0,00|0,00|0,00|||
|C190|000|6102|12,00|84563,83|84563,83|10147,66|0,00|0,00|0|00,00||
|C100|1|0|918308360001790|55|00|1|728|41260262780383000115550010000007281138472412|25022026|25022026|74376,50|1|0,00||74376,50|1|0,00|0,00||74376,50|8925,18|0,00|0,00|0,00|0,00|0,00|||
|C190|000|6102|12,00|74376,50|74376,50|8925,18|0,00|0,00|0|00,00||
|C100|1|0|918308360001790|55|00|1|729|41260262780383000115550010000007291232273891|25022026|25022026|78816,55|1|0,00||78816,55|1|0,00|0,00||78816,55|9457,99|0,00|0,00|0,00|0,00|0,00|||
|C190|000|6102|12,00|78816,55|78816,55|9457,99|0,00|0,00|0|00,00||
|C100|1|0|918308360001790|55|00|1|733|41260262780383000115550010000007331115588600|25022026|25022026|73587,66|1|0,00||73587,66|1|0,00|0,00||73587,66|8830,52|0,00|0,00|0,00|0,00|0,00|||
|C190|000|6102|12,00|73587,66|73587,66|8830,52|0,00|0,00|0|00,00||
|C100|1|0|918308360001790|55|00|1|734|41260262780383000115550010000007341582143881|25022026|25022026|71762,05|1|0,00||71762,05|1|0,00|0,00||71762,05|8611,45|0,00|0,00|0,00|0,00|0,00|||
|C190|000|6102|12,00|71762,05|71762,05|8611,45|0,00|0,00|0|00,00||
|C100|1|0|918308360001790|55|00|1|756|41260262780383000115550010000007561163172626|26022026|26022026|88913,72|1|0,00||88913,72|1|0,00|0,00||88913,72|10669,65|0,00|0,00|0,00|0,00|0,00|||
|C190|000|6102|12,00|88913,72|88913,72|10669,65|0,00|0,00|0|00,00||
|C100|1|0|918308360001790|55|00|1|757|41260262780383000115550010000007571727422977|26022026|26022026|83572,14|1|0,00||83572,14|1|0,00|0,00||83572,14|10028,66|0,00|0,00|0,00|0,00|0,00|||
|C190|000|6102|12,00|83572,14|83572,14|10028,66|0,00|0,00|0|00,00||
|C100|1|0|918308360001790|55|00|1|775|41260262780383000115550010000007751205925061|26022026|26022026|89477,18|1|0,00||89477,18|1|0,00|0,00||89477,18|10737,26|0,00|0,00|0,00|0,00|0,00|||
|C190|000|6102|12,00|89477,18|89477,18|10737,26|0,00|0,00|0|00,00||
|C100|1|0|918308360001790|55|00|1|789|41260262780383000115550010000007891115422708|26022026|26022026|96283,76|1|0,00||96283,76|1|0,00|0,00||96283,76|11554,05|0,00|0,00|0,00|0,00|0,00|||
|C190|000|6102|12,00|96283,76|96283,76|11554,05|0,00|0,00|0|00,00||
|C100|1|0|918308360001790|55|00|1|790|41260262780383000115550010000007901218529620|26022026|26022026|89184,19|1|0,00||89184,19|1|0,00|0,00||89184,19|10702,10|0,00|0,00|0,00|0,00|0,00|||
|C190|000|6102|12,00|89184,19|89184,19|10702,10|0,00|0,00|0|00,00||
|C100|1|0|918308360001790|55|00|1|792|41260262780383000115550010000007921729171709|26022026|26022026|91302,79|1|0,00||91302,79|1|0,00|0,00||91302,79|10956,33|0,00|0,00|0,00|0,00|0,00|||
|C190|000|6102|12,00|91302,79|91302,79|10956,33|0,00|0,00|0|00,00||
|C100|1|0|918308360001790|55|00|1|793|41260262780383000115550010000007931269166330|26022026|26022026|91460,56|1|0,00||91460,56|1|0,00|0,00||91460,56|10975,27|0,00|0,00|0,00|0,00|0,00|||
|C190|000|6102|12,00|91460,56|91460,56|10975,27|0,00|0,00|0|00,00||
|C100|1|0|918308360001790|55|00|1|794|41260262780383000115550010000007941522458558|26022026|26022026|79966,01|1|0,00||79966,01|1|0,00|0,00||79966,01|9595,92|0,00|0,00|0,00|0,00|0,00|||
|C190|000|6102|12,00|79966,01|79966,01|9595,92|0,00|0,00|0|00,00||
|C100|1|0|918308360001790|55|00|1|801|41260262780383000115550010000008011689423452|27022026|27022026|88124,88|1|0,00||88124,88|1|0,00|0,00||88124,88|10574,99|0,00|0,00|0,00|0,00|0,00|||
|C190|000|6102|12,00|88124,88|88124,88|10574,99|0,00|0,00|0|00,00||
|C100|1|0|918308360001790|55|00|1|819|41260262780383000115550010000008191758617103|27022026|27022026|89612,41|1|0,00||89612,41|1|0,00|0,00||89612,41|10753,49|0,00|0,00|0,00|0,00|0,00|||
|C190|000|6102|12,00|89612,41|89612,41|10753,49|0,00|0,00|0|00,00||
|C100|1|0|918308360001790|55|00|1|822|41260262780383000115550010000008221281269864|27022026|27022026|81318,31|1|0,00||81318,31|1|0,00|0,00||81318,31|9758,20|0,00|0,00|0,00|0,00|0,00|||
|C190|000|6102|12,00|81318,31|81318,31|9758,20|0,00|0,00|0|00,00||
|C100|1|0|918308360001790|55|00|1|826|41260262780383000115550010000008261220760117|27022026|27022026|89409,57|1|0,00||89409,57|1|0,00|0,00||89409,57|10729,15|0,00|0,00|0,00|0,00|0,00|||
|C190|000|6102|12,00|89409,57|89409,57|10729,15|0,00|0,00|0|00,00||
|C100|1|0|918308360001790|55|00|1|828|41260262780383000115550010000008281299432906|27022026|27022026|71040,82|1|0,00||71040,82|1|0,00|0,00||71040,82|8524,90|0,00|0,00|0,00|0,00|0,00|||
|C190|000|6102|12,00|71040,82|71040,82|8524,90|0,00|0,00|0|00,00||
|C100|0|1|953962970001620|55|00|1|73570|41260295396297000162550010000735701633861154|10022026|11022026|69300,00|1|0,00||69300,00|1|0,00|0,00||0,00|0,00|0,00|0,00|0,00|343,04|1580,04|||
|C170|1|101010001|SOJA EM GRAOS|34650,0000|KG|69300,00|0,00|0|051|1102|11|0,00|0,00|0,00|0,00|0,00|0,00|0|||0,00|0,00|0,00|60|69300,00|0,4950|0,00|0,0000|343,04|60|69300,00|2,2800|0,00|0,0000|1580,04||0,00|
|C190|051|1102|0,00|69300,00|0,00|0,00|0,00|0,00|0|00,00||
|C100|0|1|953962970001620|55|00|1|73573|41260295396297000162550010000735731922129462|10022026|11022026|72360,00|1|0,00||72360,00|1|0,00|0,00||0,00|0,00|0,00|0,00|0,00|358,18|1649,81|||
|C170|1|101010001|SOJA EM GRAOS|36180,0000|KG|72360,00|0,00|0|051|1102|11|0,00|0,00|0,00|0,00|0,00|0,00|0|||0,00|0,00|0,00|60|72360,00|0,4950|0,00|0,0000|358,18|60|72360,00|2,2800|0,00|0,0000|1649,81||0,00|
|C190|051|1102|0,00|72360,00|0,00|0,00|0,00|0,00|0|00,00||
|C100|0|1|953962970001620|55|00|1|73592|41260295396297000162550010000735921499093159|10022026|11022026|62620,00|1|0,00||62620,00|1|0,00|0,00||0,00|0,00|0,00|0,00|0,00|309,97|1427,74|||
|C170|1|101010001|SOJA EM GRAOS|31310,0000|KG|62620,00|0,00|0|051|1102|11|0,00|0,00|0,00|0,00|0,00|0,00|0|||0,00|0,00|0,00|60|62620,00|0,4950|0,00|0,0000|309,97|60|62620,00|2,2800|0,00|0,0000|1427,74||0,00|
|C190|051|1102|0,00|62620,00|0,00|0,00|0,00|0,00|0|00,00||
|C100|0|1|953962970001620|55|00|1|73826|41260295396297000162550010000738261922126850|14022026|14022026|81320,00|1|0,00||81320,00|1|0,00|0,00||0,00|0,00|0,00|0,00|0,00|402,53|1854,10|||
|C170|1|101010001|SOJA EM GRAOS|40660,0000|KG|81320,00|0,00|0|051|1102|11|0,00|0,00|0,00|0,00|0,00|0,00|0|||0,00|0,00|0,00|60|81320,00|0,4950|0,00|0,0000|402,53|60|81320,00|2,2800|0,00|0,0000|1854,10||0,00|
|C190|051|1102|0,00|81320,00|0,00|0,00|0,00|0,00|0|00,00||
|C100|0|1|953962970001620|55|00|1|73996|41260295396297000162550010000739961922190150|18022026|18022026|77340,00|1|0,00||77340,00|1|0,00|0,00||0,00|0,00|0,00|0,00|0,00|382,83|1763,35|||
|C170|1|101010001|SOJA EM GRAOS|38670,0000|KG|77340,00|0,00|0|051|1102|11|0,00|0,00|0,00|0,00|0,00|0,00|0|||0,00|0,00|0,00|60|77340,00|0,4950|0,00|0,0000|382,83|60|77340,00|2,2800|0,00|0,0000|1763,35||0,00|
|C190|051|1102|0,00|77340,00|0,00|0,00|0,00|0,00|0|00,00||
|C100|0|1|953962970001620|55|00|1|73997|41260295396297000162550010000739971499045144|18022026|18022026|75520,00|1|0,00||75520,00|1|0,00|0,00||0,00|0,00|0,00|0,00|0,00|373,82|1721,86|||
|C170|1|101010001|SOJA EM GRAOS|37760,0000|KG|75520,00|0,00|0|051|1102|11|0,00|0,00|0,00|0,00|0,00|0,00|0|||0,00|0,00|0,00|60|75520,00|0,4950|0,00|0,0000|373,82|60|75520,00|2,2800|0,00|0,0000|1721,86||0,00|
|C190|051|1102|0,00|75520,00|0,00|0,00|0,00|0,00|0|00,00||
|C100|0|1|953962970001620|55|00|1|73998|41260295396297000162550010000739981344538063|18022026|18022026|75780,00|1|0,00||75780,00|1|0,00|0,00||0,00|0,00|0,00|0,00|0,00|375,11|1727,78|||
|C170|1|101010001|SOJA EM GRAOS|37890,0000|KG|75780,00|0,00|0|051|1102|11|0,00|0,00|0,00|0,00|0,00|0,00|0|||0,00|0,00|0,00|60|75780,00|0,4950|0,00|0,0000|375,11|60|75780,00|2,2800|0,00|0,0000|1727,78||0,00|
|C190|051|1102|0,00|75780,00|0,00|0,00|0,00|0,00|0|00,00||
|C100|0|1|953962970001620|55|00|1|74030|41260295396297000162550010000740301633867952|18022026|18022026|76580,00|1|0,00||76580,00|1|0,00|0,00||0,00|0,00|0,00|0,00|0,00|379,07|1746,02|||
|C170|1|101010001|SOJA EM GRAOS|38290,0000|KG|76580,00|0,00|0|051|1102|11|0,00|0,00|0,00|0,00|0,00|0,00|0|||0,00|0,00|0,00|60|76580,00|0,4950|0,00|0,0000|379,07|60|76580,00|2,2800|0,00|0,0000|1746,02||0,00|
|C190|051|1102|0,00|76580,00|0,00|0,00|0,00|0,00|0|00,00||
|C100|0|1|953962970001620|55|00|1|74055|41260295396297000162550010000740551278620168|19022026|19022026|80860,00|1|0,00||80860,00|1|0,00|0,00||0,00|0,00|0,00|0,00|0,00|400,26|1843,61|||
|C170|1|101010001|SOJA EM GRAOS|40430,0000|KG|80860,00|0,00|0|051|1102|11|0,00|0,00|0,00|0,00|0,00|0,00|0|||0,00|0,00|0,00|60|80860,00|0,4950|0,00|0,0000|400,26|60|80860,00|2,2800|0,00|0,0000|1843,61||0,00|
|C190|051|1102|0,00|80860,00|0,00|0,00|0,00|0,00|0|00,00||
|C100|0|1|953962970001620|55|00|1|74056|41260295396297000162550010000740561922190958|19022026|19022026|65640,00|1|0,00||65640,00|1|0,00|0,00||0,00|0,00|0,00|0,00|0,00|324,92|1496,59|||
|C170|1|101010001|SOJA EM GRAOS|32820,0000|KG|65640,00|0,00|0|051|1102|11|0,00|0,00|0,00|0,00|0,00|0,00|0|||0,00|0,00|0,00|60|65640,00|0,4950|0,00|0,0000|324,92|60|65640,00|2,2800|0,00|0,0000|1496,59||0,00|
|C190|051|1102|0,00|65640,00|0,00|0,00|0,00|0,00|0|00,00||
|C100|0|1|953962970001620|55|00|1|74057|41260295396297000162550010000740571499045942|19022026|19022026|63160,00|1|0,00||63160,00|1|0,00|0,00||0,00|0,00|0,00|0,00|0,00|312,64|1440,05|||
|C170|1|101010001|SOJA EM GRAOS|31580,0000|KG|63160,00|0,00|0|051|1102|11|0,00|0,00|0,00|0,00|0,00|0,00|0|||0,00|0,00|0,00|60|63160,00|0,4950|0,00|0,0000|312,64|60|63160,00|2,2800|0,00|0,0000|1440,05||0,00|
|C190|051|1102|0,00|63160,00|0,00|0,00|0,00|0,00|0|00,00||
|C100|0|1|953962970001620|55|00|1|74067|41260295396297000162550010000740671499045442|19022026|19022026|65400,00|1|0,00||65400,00|1|0,00|0,00||0,00|0,00|0,00|0,00|0,00|323,73|1491,12|||
|C170|1|101010001|SOJA EM GRAOS|32700,0000|KG|65400,00|0,00|0|051|1102|11|0,00|0,00|0,00|0,00|0,00|0,00|0|||0,00|0,00|0,00|60|65400,00|0,4950|0,00|0,0000|323,73|60|65400,00|2,2800|0,00|0,0000|1491,12||0,00|
|C190|051|1102|0,00|65400,00|0,00|0,00|0,00|0,00|0|00,00||
|C100|0|1|953962970001620|55|00|1|74089|41260295396297000162550010000740891633862508|20022026|20022026|76980,00|1|0,00||76980,00|1|0,00|0,00||0,00|0,00|0,00|0,00|0,00|381,05|1755,14|||
|C170|1|101010001|SOJA EM GRAOS|38490,0000|KG|76980,00|0,00|0|051|1102|11|0,00|0,00|0,00|0,00|0,00|0,00|0|||0,00|0,00|0,00|60|76980,00|0,4950|0,00|0,0000|381,05|60|76980,00|2,2800|0,00|0,0000|1755,14||0,00|
|C190|051|1102|0,00|76980,00|0,00|0,00|0,00|0,00|0|00,00||
|C100|0|1|953962970001620|55|00|1|74112|41260295396297000162550010000741121499048554|20022026|20022026|74820,00|1|0,00||74820,00|1|0,00|0,00||0,00|0,00|0,00|0,00|0,00|370,36|1705,90|||
|C170|1|101010001|SOJA EM GRAOS|37410,0000|KG|74820,00|0,00|0|051|1102|11|0,00|0,00|0,00|0,00|0,00|0,00|0|||0,00|0,00|0,00|60|74820,00|0,4950|0,00|0,0000|370,36|60|74820,00|2,2800|0,00|0,0000|1705,90||0,00|
|C190|051|1102|0,00|74820,00|0,00|0,00|0,00|0,00|0|00,00||
|C100|0|1|953962970001620|55|00|1|74166|41260295396297000162550010000741661922195455|21022026|21022026|78580,00|1|0,00||78580,00|1|0,00|0,00||0,00|0,00|0,00|0,00|0,00|388,97|1791,62|||
|C170|1|101010001|SOJA EM GRAOS|39290,0000|KG|78580,00|0,00|0|051|1102|11|0,00|0,00|0,00|0,00|0,00|0,00|0|||0,00|0,00|0,00|60|78580,00|0,4950|0,00|0,0000|388,97|60|78580,00|2,2800|0,00|0,0000|1791,62||0,00|
|C190|051|1102|0,00|78580,00|0,00|0,00|0,00|0,00|0|00,00||
|C100|0|1|953962970001620|55|00|1|74171|41260295396297000162550010000741711344537650|21022026|21022026|79280,00|1|0,00||79280,00|1|0,00|0,00||0,00|0,00|0,00|0,00|0,00|392,44|1807,58|||
|C170|1|101010001|SOJA EM GRAOS|39640,0000|KG|79280,00|0,00|0|051|1102|11|0,00|0,00|0,00|0,00|0,00|0,00|0|||0,00|0,00|0,00|60|79280,00|0,4950|0,00|0,0000|392,44|60|79280,00|2,2800|0,00|0,0000|1807,58||0,00|
|C190|051|1102|0,00|79280,00|0,00|0,00|0,00|0,00|0|00,00||
|C100|0|1|953962970001620|55|00|1|74190|41260295396297000162550010000741901633869550|22022026|22022026|25280,00|1|0,00||25280,00|1|0,00|0,00||0,00|0,00|0,00|0,00|0,00|125,14|576,38|||
|C170|1|101010001|SOJA EM GRAOS|12640,0000|KG|25280,00|0,00|0|051|1102|11|0,00|0,00|0,00|0,00|0,00|0,00|0|||0,00|0,00|0,00|60|25280,00|0,4950|0,00|0,0000|125,14|60|25280,00|2,2800|0,00|0,0000|576,38||0,00|
|C190|051|1102|0,00|25280,00|0,00|0,00|0,00|0,00|0|00,00||
|C100|0|1|953962970001620|55|00|1|74191|41260295396297000162550010000741911344532057|22022026|22022026|52102,17|1|0,00||52102,17|1|0,00|0,00||0,00|0,00|0,00|0,00|0,00|257,91|1187,93|||
|C170|1|101010001|SOJA EM GRAOS|26270,0000|KG|52102,17|0,00|0|051|1102|11|0,00|0,00|0,00|0,00|0,00|0,00|0|||0,00|0,00|0,00|60|52102,17|0,4950|0,00|0,0000|257,91|60|52102,17|2,2800|0,00|0,0000|1187,93||0,00|
|C190|051|1102|0,00|52102,17|0,00|0,00|0,00|0,00|0|00,00||
|C100|0|1|953962970001620|55|00|1|74195|41260295396297000162550010000741951278625764|22022026|23022026|79273,83|1|0,00||79273,83|1|0,00|0,00||0,00|0,00|0,00|0,00|0,00|392,41|1807,44|||
|C170|1|101010001|SOJA EM GRAOS|39970,0000|KG|79273,83|0,00|0|051|1102|11|0,00|0,00|0,00|0,00|0,00|0,00|0|||0,00|0,00|0,00|60|79273,83|0,4950|0,00|0,0000|392,41|60|79273,83|2,2800|0,00|0,0000|1807,44||0,00|
|C190|051|1102|0,00|79273,83|0,00|0,00|0,00|0,00|0|00,00||
|C100|0|1|953962970001620|55|00|1|74197|41260295396297000162550010000741971499047148|22022026|22022026|79154,83|1|0,00||79154,83|1|0,00|0,00||0,00|0,00|0,00|0,00|0,00|391,82|1804,73|||
|C170|1|101010001|SOJA EM GRAOS|39910,0000|KG|79154,83|0,00|0|051|1102|11|0,00|0,00|0,00|0,00|0,00|0,00|0|||0,00|0,00|0,00|60|79154,83|0,4950|0,00|0,0000|391,82|60|79154,83|2,2800|0,00|0,0000|1804,73||0,00|
|C190|051|1102|0,00|79154,83|0,00|0,00|0,00|0,00|0|00,00||
|C100|0|1|953962970001620|55|00|1|74227|41260295396297000162550010000742271499047840|23022026|23022026|77231,00|1|0,00||77231,00|1|0,00|0,00||0,00|0,00|0,00|0,00|0,00|382,29|1760,87|||
|C170|1|101010001|SOJA EM GRAOS|38940,0000|KG|77231,00|0,00|0|051|1102|11|0,00|0,00|0,00|0,00|0,00|0,00|0|||0,00|0,00|0,00|60|77231,00|0,4950|0,00|0,0000|382,29|60|77231,00|2,2800|0,00|0,0000|1760,87||0,00|
|C190|051|1102|0,00|77231,00|0,00|0,00|0,00|0,00|0|00,00||
|C100|0|1|953962970001620|55|00|1|74279|41260295396297000162550010000742791633864009|23022026|23022026|75287,33|1|0,00||75287,33|1|0,00|0,00||0,00|0,00|0,00|0,00|0,00|372,67|1716,55|||
|C170|1|101010001|SOJA EM GRAOS|37960,0000|KG|75287,33|0,00|0|051|1102|11|0,00|0,00|0,00|0,00|0,00|0,00|0|||0,00|0,00|0,00|60|75287,33|0,4950|0,00|0,0000|372,67|60|75287,33|2,2800|0,00|0,0000|1716,55||0,00|
|C190|051|1102|0,00|75287,33|0,00|0,00|0,00|0,00|0|00,00||
|C100|0|1|953962970001620|55|00|1|74281|41260295396297000162550010000742811344539158|23022026|23022026|77389,67|1|0,00||77389,67|1|0,00|0,00||0,00|0,00|0,00|0,00|0,00|383,08|1764,48|||
|C170|1|101010001|SOJA EM GRAOS|39020,0000|KG|77389,67|0,00|0|051|1102|11|0,00|0,00|0,00|0,00|0,00|0,00|0|||0,00|0,00|0,00|60|77389,67|0,4950|0,00|0,0000|383,08|60|77389,67|2,2800|0,00|0,0000|1764,48||0,00|
|C190|051|1102|0,00|77389,67|0,00|0,00|0,00|0,00|0|00,00||
|C100|0|1|953962970001620|55|00|1|74344|41260295396297000162550010000743441785374497|24022026|24022026|77449,17|1|0,00||77449,17|1|0,00|0,00||0,00|0,00|0,00|0,00|0,00|383,37|1765,84|||
|C170|1|101010001|SOJA EM GRAOS|39050,0000|KG|77449,17|0,00|0|051|1102|11|0,00|0,00|0,00|0,00|0,00|0,00|0|||0,00|0,00|0,00|60|77449,17|0,4950|0,00|0,0000|383,37|60|77449,17|2,2800|0,00|0,0000|1765,84||0,00|
|C190|051|1102|0,00|77449,17|0,00|0,00|0,00|0,00|0|00,00||
|C100|0|1|953962970001620|55|00|1|74352|41260295396297000162550010000743521499042951|25022026|25022026|65450,00|1|0,00||65450,00|1|0,00|0,00||0,00|0,00|0,00|0,00|0,00|323,98|1492,26|||
|C170|1|101010001|SOJA EM GRAOS|33000,0000|KG|65450,00|0,00|0|051|1102|11|0,00|0,00|0,00|0,00|0,00|0,00|0|||0,00|0,00|0,00|60|65450,00|0,4950|0,00|0,0000|323,98|60|65450,00|2,2800|0,00|0,0000|1492,26||0,00|
|C190|051|1102|0,00|65450,00|0,00|0,00|0,00|0,00|0|00,00||
|C100|0|1|953962970001620|55|00|1|74353|41260295396297000162550010000743531922197264|25022026|25022026|69357,17|1|0,00||69357,17|1|0,00|0,00||0,00|0,00|0,00|0,00|0,00|343,32|1581,34|||
|C170|1|101010001|SOJA EM GRAOS|34970,0000|KG|69357,17|0,00|0|051|1102|11|0,00|0,00|0,00|0,00|0,00|0,00|0|||0,00|0,00|0,00|60|69357,17|0,4950|0,00|0,0000|343,32|60|69357,17|2,2800|0,00|0,0000|1581,34||0,00|
|C190|051|1102|0,00|69357,17|0,00|0,00|0,00|0,00|0|00,00||
|C100|0|1|953962970001620|55|00|1|74357|41260295396297000162550010000743571499042940|25022026|25022026|63149,33|1|0,00||63149,33|1|0,00|0,00||0,00|0,00|0,00|0,00|0,00|312,59|1439,80|||
|C170|1|101010001|SOJA EM GRAOS|31840,0000|KG|63149,33|0,00|0|051|1102|11|0,00|0,00|0,00|0,00|0,00|0,00|0|||0,00|0,00|0,00|60|63149,33|0,4950|0,00|0,0000|312,59|60|63149,33|2,2800|0,00|0,0000|1439,80||0,00|
|C190|051|1102|0,00|63149,33|0,00|0,00|0,00|0,00|0|00,00||
|C100|0|1|953962970001620|55|00|1|74358|41260295396297000162550010000743581344539465|25022026|25022026|64755,83|1|0,00||64755,83|1|0,00|0,00||0,00|0,00|0,00|0,00|0,00|320,54|1476,43|||
|C170|1|101010001|SOJA EM GRAOS|32650,0000|KG|64755,83|0,00|0|051|1102|11|0,00|0,00|0,00|0,00|0,00|0,00|0|||0,00|0,00|0,00|60|64755,83|0,4950|0,00|0,0000|320,54|60|64755,83|2,2800|0,00|0,0000|1476,43||0,00|
|C190|051|1102|0,00|64755,83|0,00|0,00|0,00|0,00|0|00,00||
|C100|0|1|953962970001620|55|00|1|74452|41260295396297000162550010000744521499049951|26022026|26022026|78738,33|1|0,00||78738,33|1|0,00|0,00||0,00|0,00|0,00|0,00|0,00|389,75|1795,23|||
|C170|1|101010001|SOJA EM GRAOS|39700,0000|KG|78738,33|0,00|0|051|1102|11|0,00|0,00|0,00|0,00|0,00|0,00|0|||0,00|0,00|0,00|60|78738,33|0,4950|0,00|0,0000|389,75|60|78738,33|2,2800|0,00|0,0000|1795,23||0,00|
|C190|051|1102|0,00|78738,33|0,00|0,00|0,00|0,00|0|00,00||
|C100|0|1|953962970001620|55|00|1|74482|41260295396297000162550010000744821499049659|26022026|26022026|70368,67|1|0,00||70368,67|1|0,00|0,00||0,00|0,00|0,00|0,00|0,00|348,32|1604,41|||
|C170|1|101010001|SOJA EM GRAOS|35480,0000|KG|70368,67|0,00|0|051|1102|11|0,00|0,00|0,00|0,00|0,00|0,00|0|||0,00|0,00|0,00|60|70368,67|0,4950|0,00|0,0000|348,32|60|70368,67|2,2800|0,00|0,0000|1604,41||0,00|
|C190|051|1102|0,00|70368,67|0,00|0,00|0,00|0,00|0|00,00||
|C100|0|1|953962970001620|55|00|1|74502|41260295396297000162550010000745021499044058|26022026|27022026|77548,33|1|0,00||77548,33|1|0,00|0,00||0,00|0,00|0,00|0,00|0,00|383,86|1768,10|||
|C170|1|101010001|SOJA EM GRAOS|39100,0000|KG|77548,33|0,00|0|051|1102|11|0,00|0,00|0,00|0,00|0,00|0,00|0|||0,00|0,00|0,00|60|77548,33|0,4950|0,00|0,0000|383,86|60|77548,33|2,2800|0,00|0,0000|1768,10||0,00|
|C190|051|1102|0,00|77548,33|0,00|0,00|0,00|0,00|0|00,00||
|C100|1|0|972467480002910|55|00|1|660|41260262780383000115550010000006601346453303|18022026|18022026|88275,92|1|0,00||88275,92|1|0,00|0,00||88275,92|10593,11|0,00|0,00|0,00|0,00|0,00|||
|C190|000|6102|12,00|88275,92|88275,92|10593,11|0,00|0,00|0|00,00||
|C100|1|0||55|02|1|662|41260262780383000115550010000006621242515617|||||||||||||||||||||
|C100|1|0|972467480002910|55|00|1|663|41260262780383000115550010000006631719803330|18022026|18022026|86532,75|1|0,00||86532,75|1|0,00|0,00||86532,75|10383,93|0,00|0,00|0,00|0,00|0,00|||
|C190|000|6102|12,00|86532,75|86532,75|10383,93|0,00|0,00|0|00,00||
|C100|1|0|972467480002910|55|00|1|664|41260262780383000115550010000006641479139714|18022026|18022026|85571,77|1|0,00||85571,77|1|0,00|0,00||85571,77|10268,61|0,00|0,00|0,00|0,00|0,00|||
|C190|000|6102|12,00|85571,77|85571,77|10268,61|0,00|0,00|0|00,00||
|C100|1|0|972467480002910|55|00|1|665|41260262780383000115550010000006651887129409|19022026|19022026|89885,00|1|0,00||89885,00|1|0,00|0,00||89885,00|10786,20|0,00|0,00|0,00|0,00|0,00|||
|C190|000|6102|12,00|89885,00|89885,00|10786,20|0,00|0,00|0|00,00||
|C100|1|0|972467480002910|55|00|1|667|41260262780383000115550010000006671213638419|19022026|19022026|89907,34|1|0,00||89907,34|1|0,00|0,00||89907,34|10788,88|0,00|0,00|0,00|0,00|0,00|||
|C190|000|6102|12,00|89907,34|89907,34|10788,88|0,00|0,00|0|00,00||
|C100|1|0|972467480002910|55|00|1|668|41260262780383000115550010000006681400359983|19022026|19022026|67693,10|1|0,00||67693,10|1|0,00|0,00||67693,10|8123,17|0,00|0,00|0,00|0,00|0,00|||
|C190|000|6102|12,00|67693,10|67693,10|8123,17|0,00|0,00|0|00,00||
|C100|1|0|972467480002910|55|00|1|669|41260262780383000115550010000006691849481450|19022026|19022026|89035,76|1|0,00||89035,76|1|0,00|0,00||89035,76|10684,29|0,00|0,00|0,00|0,00|0,00|||
|C190|000|6102|12,00|89035,76|89035,76|10684,29|0,00|0,00|0|00,00||
|C100|1|0|972467480002910|55|00|1|671|41260262780383000115550010000006711133810170|19022026|19022026|90354,31|1|0,00||90354,31|1|0,00|0,00||90354,31|10842,52|0,00|0,00|0,00|0,00|0,00|||
|C190|000|6102|12,00|90354,31|90354,31|10842,52|0,00|0,00|0|00,00||
|C100|1|0|972467480002910|55|00|1|673|41260262780383000115550010000006731852149405|19022026|19022026|87516,07|1|0,00||87516,07|1|0,00|0,00||87516,07|10501,93|0,00|0,00|0,00|0,00|0,00|||
|C190|000|6102|12,00|87516,07|87516,07|10501,93|0,00|0,00|0|00,00||
|C100|1|0|972467480002910|55|00|1|679|41260262780383000115550010000006791354154672|20022026|20022026|86018,73|1|0,00||86018,73|1|0,00|0,00||86018,73|10322,25|0,00|0,00|0,00|0,00|0,00|||
|C190|000|6102|12,00|86018,73|86018,73|10322,25|0,00|0,00|0|00,00||
|C100|1|0|972467480002910|55|00|1|680|41260262780383000115550010000006801732563616|20022026|20022026|71805,20|1|0,00||71805,20|1|0,00|0,00||71805,20|8616,62|0,00|0,00|0,00|0,00|0,00|||
|C190|000|6102|12,00|71805,20|71805,20|8616,62|0,00|0,00|0|00,00||
|C100|1|0|972467480002910|55|00|1|681|41260262780383000115550010000006811124432598|20022026|20022026|89706,21|1|0,00||89706,21|1|0,00|0,00||89706,21|10764,75|0,00|0,00|0,00|0,00|0,00|||
|C190|000|6102|12,00|89706,21|89706,21|10764,75|0,00|0,00|0|00,00||
|C100|1|0|972467480002910|55|00|1|682|41260262780383000115550010000006821386173929|20022026|20022026|83605,11|1|0,00||83605,11|1|0,00|0,00||83605,11|10032,61|0,00|0,00|0,00|0,00|0,00|||
|C190|000|6102|12,00|83605,11|83605,11|10032,61|0,00|0,00|0|00,00||
|C100|1|0|972467480002910|55|00|1|689|41260262780383000115550010000006891187639082|21022026|21022026|87806,60|1|0,00||87806,60|1|0,00|0,00||87806,60|10536,79|0,00|0,00|0,00|0,00|0,00|||
|C190|000|6102|12,00|87806,60|87806,60|10536,79|0,00|0,00|0|00,00||
|C100|1|0|972467480002910|55|00|1|691|41260262780383000115550010000006911191242300|21022026|21022026|88588,80|1|0,00||88588,80|1|0,00|0,00||88588,80|10630,66|0,00|0,00|0,00|0,00|0,00|||
|C190|000|6102|12,00|88588,80|88588,80|10630,66|0,00|0,00|0|00,00||
|C100|1|0|972467480002910|55|00|1|692|41260262780383000115550010000006921938876807|22022026|22022026|87940,69|1|0,00||87940,69|1|0,00|0,00||87940,69|10552,88|0,00|0,00|0,00|0,00|0,00|||
|C190|000|6102|12,00|87940,69|87940,69|10552,88|0,00|0,00|0|00,00||
|C100|0|1|975423130001030|55|00|1|30253|41260197542313000103550010000302531493717165|30012026|11022026|109,00|1|0,00||109,00|0|0,00|0,00||0,00|0,00|0,00|0,00|0,00|1,80|8,28|||
|C170|1|902010032|OLEO DIESEL/GRAXA/OLEO DE MAQUINA/PREMALUBE/LIMPA CONTATO|1,0000|LTS|35,00|0,00|1|090|1556|961|0,00|0,00|0,00|0,00|0,00|0,00|0|||0,00|0,00|0,00|56|35,00|1,6500|0,00|0,0000|0,58|56|35,00|7,6000|0,00|0,0000|2,66||0,00|
|C170|2|902010080|PORCA|1,0000|UND|29,00|0,00|1|090|1556|961|0,00|0,00|0,00|0,00|0,00|0,00|0|||0,00|0,00|0,00|56|29,00|1,6500|0,00|0,0000|0,48|56|29,00|7,6000|0,00|0,0000|2,20||0,00|
|C170|3|902010390|LAMINA P/ROCADEIRA|1,0000|UND|45,00|0,00|1|090|1556|961|0,00|0,00|0,00|0,00|0,00|0,00|0|||0,00|0,00|0,00|56|45,00|1,6500|0,00|0,0000|0,74|56|45,00|7,6000|0,00|0,0000|3,42||0,00|
|C190|090|1556|0,00|109,00|0,00|0,00|0,00|0,00|0|00,00||
|C100|1|0|982486440006020|55|00|1|666|41260262780383000115550010000006661552524320|19022026|19022026|92904,17|1|0,00||92904,17|1|0,00|0,00||92904,17|11148,50|0,00|0,00|0,00|0,00|0,00|||
|C190|000|6102|12,00|92904,17|92904,17|11148,50|0,00|0,00|0|00,00||
|C100|1|0|982486440006020|55|00|1|675|41260262780383000115550010000006751864964006|19022026|19022026|87083,33|1|0,00||87083,33|1|0,00|0,00||87083,33|10450,00|0,00|0,00|0,00|0,00|0,00|||
|C190|000|6102|12,00|87083,33|87083,33|10450,00|0,00|0,00|0|00,00||
|C100|1|0|982486440006020|55|00|1|678|41260262780383000115550010000006781415258106|20022026|20022026|92583,33|1|0,00||92583,33|1|0,00|0,00||92583,33|11110,00|0,00|0,00|0,00|0,00|0,00|||
|C190|000|6102|12,00|92583,33|92583,33|11110,00|0,00|0,00|0|00,00||
|C100|1|0|982486440006020|55|00|1|683|41260262780383000115550010000006831234169519|20022026|20022026|77000,00|1|0,00||77000,00|1|0,00|0,00||77000,00|9240,00|0,00|0,00|0,00|0,00|0,00|||
|C190|000|6102|12,00|77000,00|77000,00|9240,00|0,00|0,00|0|00,00||
|C100|1|0|982486440006020|55|00|1|684|41260262780383000115550010000006841401551369|20022026|20022026|84791,67|1|0,00||84791,67|1|0,00|0,00||84791,67|10175,00|0,00|0,00|0,00|0,00|0,00|||
|C190|000|6102|12,00|84791,67|84791,67|10175,00|0,00|0,00|0|00,00||
|C100|1|0|982486440006020|55|00|1|685|41260262780383000115550010000006851725814419|20022026|20022026|86556,25|1|0,00||86556,25|1|0,00|0,00||86556,25|10386,75|0,00|0,00|0,00|0,00|0,00|||
|C190|000|6102|12,00|86556,25|86556,25|10386,75|0,00|0,00|0|00,00||
|C100|1|0|982486440006020|55|00|1|686|41260262780383000115550010000006861561902180|20022026|20022026|29081,25|1|0,00||29081,25|1|0,00|0,00||29081,25|3489,75|0,00|0,00|0,00|0,00|0,00|||
|C190|000|6102|12,00|29081,25|29081,25|3489,75|0,00|0,00|0|00,00||
|C100|1|0|982486440006020|55|00|1|687|41260262780383000115550010000006871199152030|20022026|20022026|64143,75|1|0,00||64143,75|1|0,00|0,00||64143,75|7697,25|0,00|0,00|0,00|0,00|0,00|||
|C190|000|6102|12,00|64143,75|64143,75|7697,25|0,00|0,00|0|00,00||
|C100|1|0|982486440006020|55|00|1|688|41260262780383000115550010000006881124627403|20022026|20022026|86670,83|1|0,00||86670,83|1|0,00|0,00||86670,83|10400,50|0,00|0,00|0,00|0,00|0,00|||
|C190|000|6102|12,00|86670,83|86670,83|10400,50|0,00|0,00|0|00,00||
|C100|1|0|982486440006020|55|00|1|690|41260262780383000115550010000006901139172944|21022026|21022026|85983,33|1|0,00||85983,33|1|0,00|0,00||85983,33|10318,00|0,00|0,00|0,00|0,00|0,00|||
|C190|000|6102|12,00|85983,33|85983,33|10318,00|0,00|0,00|0|00,00||
|C100|1|0|982486440006020|55|00|1|710|41260262780383000115550010000007101111347280|24022026|24022026|91781,25|1|0,00||91781,25|1|0,00|0,00||91781,25|11013,75|0,00|0,00|0,00|0,00|0,00|||
|C190|000|6102|12,00|91781,25|91781,25|11013,75|0,00|0,00|0|00,00||
|C100|1|0|982486440006020|55|00|1|719|41260262780383000115550010000007191562856657|25022026|25022026|114445,84|1|0,00||114445,84|1|0,00|0,00||114445,84|13733,50|0,00|0,00|0,00|0,00|0,00|||
|C190|000|6102|12,00|114445,84|114445,84|13733,50|0,00|0,00|0|00,00||
|C100|1|0|982486440006020|55|00|1|730|41260262780383000115550010000007301140220474|25022026|25022026|83462,50|1|0,00||83462,50|1|0,00|0,00||83462,50|10015,50|0,00|0,00|0,00|0,00|0,00|||
|C190|000|6102|12,00|83462,50|83462,50|10015,50|0,00|0,00|0|00,00||
|C100|1|0|982486440006020|55|00|1|731|41260262780383000115550010000007311002080640|25022026|25022026|81422,92|1|0,00||81422,92|1|0,00|0,00||81422,92|9770,75|0,00|0,00|0,00|0,00|0,00|||
|C190|000|6102|12,00|81422,92|81422,92|9770,75|0,00|0,00|0|00,00||
|C100|1|0|982486440006020|55|00|1|732|41260262780383000115550010000007321188754848|25022026|25022026|91758,33|1|0,00||91758,33|1|0,00|0,00||91758,33|11011,00|0,00|0,00|0,00|0,00|0,00|||
|C190|000|6102|12,00|91758,33|91758,33|11011,00|0,00|0,00|0|00,00||
|C100|1|0|982486440006020|55|00|1|755|41260262780383000115550010000007551211306685|26022026|26022026|81812,50|1|0,00||81812,50|1|0,00|0,00||81812,50|9817,50|0,00|0,00|0,00|0,00|0,00|||
|C190|000|6102|12,00|81812,50|81812,50|9817,50|0,00|0,00|0|00,00||
|C100|1|0|982486440006020|55|00|1|820|41260262780383000115550010000008201521610668|27022026|27022026|90360,42|1|0,00||90360,42|1|0,00|0,00||90360,42|10843,25|0,00|0,00|0,00|0,00|0,00|||
|C190|000|6102|12,00|90360,42|90360,42|10843,25|0,00|0,00|0|00,00||
|C100|1|0|982486440006020|55|00|1|821|41260262780383000115550010000008211017426732|27022026|27022026|74914,58|1|0,00||74914,58|1|0,00|0,00||74914,58|8989,75|0,00|0,00|0,00|0,00|0,00|||
|C190|000|6102|12,00|74914,58|74914,58|8989,75|0,00|0,00|0|00,00||
|C500|0|1|043688980001060|06|00|3|||210997212|15012026|20022026|2492,48||2492,48||||0,00|0,00|||||||||||||||||||||
|C590|090|1253|0,00|2492,48|0,00|0,00|0|0|0||
|C500|0|1|043688980001060|06|00|3|||216407104|13022026|25022026|2560,32||2560,32||||0,00|0,00|||||||||||||||||||||
|C590|090|1253|0,00|2560,32|0,00|0,00|0|0|0||
|C990|1546|
|D001|0|
|D100|0|1|015017290004570|57|00|1||114884|41260201501729000457570010001148841009190617|19022026|20022026|0||5320,00||1|5320,00|5320,00|638,40|||111010001|4124020|4101408|
|D190|000|2353|12,00|5320,00|5320,00|638,40|0||
|D100|0|1|015017290004570|57|00|1||114922|41260201501729000457570010001149221372801545|20022026|24022026|0||6158,40||1|6158,40|6158,40|739,01|||111010001|4124020|4101408|
|D190|000|2353|12,00|6158,40|6158,40|739,01|0||
|D100|0|1|015017290004570|57|00|1||114938|41260201501729000457570010001149381096794683|20022026|24022026|0||5985,60||1|5985,60|5985,60|718,27|||111010001|4124020|4101408|
|D190|000|2353|12,00|5985,60|5985,60|718,27|0||
|D100|0|1|015017290004570|57|00|1||114950|41260201501729000457570010001149501384454890|20022026|24022026|0||5287,80||1|5287,80|5287,80|634,54|||111010001|4124020|4101408|
|D190|000|2353|12,00|5287,80|5287,80|634,54|0||
|D100|0|1|015017290004570|57|00|1||114954|41260201501729000457570010001149541637864810|20022026|24022026|0||5294,80||1|5294,80|5294,80|635,38|||111010001|4124020|4101408|
|D190|000|2353|12,00|5294,80|5294,80|635,38|0||
|D100|0|1|015017290004570|57|00|1||115006|41260201501729000457570010001150061940806897|21022026|24022026|0||6342,40||1|6342,40|6342,40|761,09|||111010001|4124020|4101408|
|D190|000|2353|12,00|6342,40|6342,40|761,09|0||
|D100|0|1|015017290004570|57|00|1||115009|41260201501729000457570010001150091975228328|22022026|24022026|0||6286,40||1|6286,40|6286,40|754,37|||111010001|4124020|4101408|
|D190|000|2353|12,00|6286,40|6286,40|754,37|0||
|D100|0|1|015017290004570|57|00|1||115025|41260201501729000457570010001150251143973507|23022026|24022026|0||6225,60||1|6225,60|6225,60|747,07|||111010001|4124020|4101408|
|D190|000|2353|12,00|6225,60|6225,60|747,07|0||
|D100|0|1|015017290004570|57|00|1||115026|41260201501729000457570010001150261241469681|23022026|24022026|0||6395,20||1|6395,20|6395,20|767,42|||111010001|4124020|4101408|
|D190|000|2353|12,00|6395,20|6395,20|767,42|0||
|D100|0|1|015017290004570|57|00|1||115056|41260201501729000457570010001150561444993856|23022026|24022026|0||7098,40||1|7098,40|7098,40|851,81|||111010001|4124020|4101408|
|D190|000|2353|12,00|7098,40|7098,40|851,81|0||
|D100|0|1|015017290004570|57|00|1||115100|41260201501729000457570010001151001490584807|24022026|24022026|0||5607,00||1|5607,00|5607,00|672,84|||111010001|4124020|4101408|
|D190|000|2353|12,00|5607,00|5607,00|672,84|0||
|D100|0|1|015017290004570|57|00|1||115106|41260201501729000457570010001151061652036129|24022026|24022026|0||5542,50||1|5542,50|5542,50|665,10|||111010001|4124020|4101408|
|D190|000|2353|12,00|5542,50|5542,50|665,10|0||
|D100|0|1|015017290004570|57|00|1||115140|41260201501729000457570010001151401194759199|24022026|26022026|0||6274,70||1|6274,70|6274,70|752,96|||111010001|4124020|4101408|
|D190|000|2353|12,00|6274,70|6274,70|752,96|0||
|D100|0|1|015017290004570|57|00|1||115190|41260201501729000457570010001151901386258092|25022026|26022026|0||7207,20||1|7207,20|7207,20|864,86|||111010001|4124020|4101408|
|D190|000|2353|12,00|7207,20|7207,20|864,86|0||
|D100|0|1|015017290004570|57|00|1||115212|41260201501729000457570010001152121220935654|26022026|27022026|0||7366,30||1|7366,30|7366,30|883,96|||111010001|4124020|4101408|
|D190|000|2353|12,00|7366,30|7366,30|883,96|0||
|D100|0|1|015017290004570|57|00|1||115232|41260201501729000457570010001152321065365503|26022026|27022026|0||7601,40||1|7601,40|7601,40|912,17|||111010001|4124020|4101408|
|D190|000|2353|12,00|7601,40|7601,40|912,17|0||
|D100|0|1|015017290004570|57|00|1||115240|41260201501729000457570010001152401880161855|26022026|27022026|0||8470,00||1|8470,00|8470,00|1016,40|||111010001|4124020|4101408|
|D190|000|2353|12,00|8470,00|8470,00|1016,40|0||
|D100|0|1|015017290004570|57|00|1||115244|41260201501729000457570010001152441430099155|26022026|27022026|0||8632,80||1|8632,80|8632,80|1035,94|||111010001|4124020|4101408|
|D190|000|2353|12,00|8632,80|8632,80|1035,94|0||
|D100|0|1|015017290004570|57|00|1||115265|41260201501729000457570010001152651855172945|26022026|27022026|0||8544,00||1|8544,00|8544,00|1025,28|||111010001|4124020|4101408|
|D190|000|2353|12,00|8544,00|8544,00|1025,28|0||
|D100|0|1|015017290004570|57|00|1||115273|41260201501729000457570010001152731107755846|26022026|27022026|0||8318,90||1|8318,90|8318,90|998,27|||111010001|4124020|4101408|
|D190|000|2353|12,00|8318,90|8318,90|998,27|0||
|D100|0|1|015017290004570|57|00|1||115277|41260201501729000457570010001152771823529865|27022026|27022026|0||5854,20||1|5854,20|5854,20|702,50|||111010001|4124020|4101408|
|D190|000|2353|12,00|5854,20|5854,20|702,50|0||
|D100|0|1|015017290004570|57|00|1||115313|41260201501729000457570010001153131650712181|27022026|27022026|0||6133,60||1|6133,60|6133,60|736,03|||111010001|4124020|4101408|
|D190|000|2353|12,00|6133,60|6133,60|736,03|0||
|D100|0|1|061258030005820|57|00|1||17056|41260206125803000582570010000170561161101531|27022026|27022026|0||8353,80||1|8353,80|8353,80|1002,46|||111010001|4124020|4101408|
|D190|000|2353|12,00|8353,80|8353,80|1002,46|0||
|D100|0|1|061258030005820|57|00|1||17057|41260206125803000582570010000170571511569836|27022026|27022026|0||7963,20||1|7963,20|7963,20|955,58|||111010001|4124020|4101408|
|D190|000|2353|12,00|7963,20|7963,20|955,58|0||
|D100|0|1|124076910001210|57|00|1||233759|41260212407691000121570010002337591809495006|03022026|16022026|0||7156,00||1|7156,00|7156,00|858,72|||111010001|4104808|4101408|
|D190|000|2353|12,00|7156,00|7156,00|858,72|0||
|D100|0|1|124076910001210|57|00|1||233832|41260212407691000121570010002338321297822676|04022026|16022026|0||7528,00||1|7528,00|7528,00|903,36|||111010001|4104808|4101408|
|D190|000|2353|12,00|7528,00|7528,00|903,36|0||
|D100|0|1|124076910001210|57|00|1||233982|41260212407691000121570010002339821967734205|05022026|16022026|0||9301,30||1|9301,30|9301,30|1116,16|||111010001|4104808|4101408|
|D190|000|2353|12,00|9301,30|9301,30|1116,16|0||
|D100|0|1|124076910001210|57|00|1||234340|41260212407691000121570010002343401934800561|09022026|13022026|0||8601,60||1|8601,60|8601,60|1032,19|||111010001|4104808|4101408|
|D190|000|2353|12,00|8601,60|8601,60|1032,19|0||
|D100|0|1|124076910001210|57|00|1||234343|41260212407691000121570010002343431288321687|09022026|13022026|0||8169,00||1|8169,00|8169,00|980,28|||111010001|4104808|4101408|
|D190|000|2353|12,00|8169,00|8169,00|980,28|0||
|D100|0|1|124076910001210|57|00|1||234403|41260212407691000121570010002344031089291443|10022026|13022026|0||5544,00||1|5544,00|5544,00|665,28|||111010001|4104808|4101408|
|D190|000|2353|12,00|5544,00|5544,00|665,28|0||
|D100|0|1|124076910001210|57|00|1||234524|41260212407691000121570010002345241646960021|11022026|13022026|0||5861,50||1|5861,50|5861,50|703,38|||111010001|4104808|4101408|
|D190|000|2353|12,00|5861,50|5861,50|703,38|0||
|D100|0|1|124076910001210|57|00|1||234589|41260212407691000121570010002345891854499174|11022026|13022026|0||5227,20||1|5227,20|5227,20|627,26|||111010001|4104808|4101408|
|D190|000|2353|12,00|5227,20|5227,20|627,26|0||
|D100|0|1|124076910001210|57|00|1||234649|41260212407691000121570010002346491196055905|12022026|13022026|0||7168,70||1|7168,70|7168,70|860,24|||111010001|4104808|4101408|
|D190|000|2353|12,00|7168,70|7168,70|860,24|0||
|D100|0|1|124076910001210|57|00|1||234654|41260212407691000121570010002346541391002661|12022026|13022026|0||5970,00||1|5970,00|5970,00|716,40|||111010001|4104808|4101408|
|D190|000|2353|12,00|5970,00|5970,00|716,40|0||
|D100|0|1|124076910001210|57|00|1||234677|41260212407691000121570010002346771249536508|12022026|13022026|0||6811,90||1|6811,90|6811,90|817,43|||111010001|4104808|4101408|
|D190|000|2353|12,00|6811,90|6811,90|817,43|0||
|D100|0|1|124076910001210|57|00|1||234819|41260212407691000121570010002348191037219115|14022026|16022026|0||6099,00||1|6099,00|6099,00|731,88|||111010001|4104808|4101408|
|D190|000|2353|12,00|6099,00|6099,00|731,88|0||
|D100|0|1|124076910001210|57|00|1||235117|41260212407691000121570010002351171913783736|18022026|19022026|0||6388,80||1|6388,80|6388,80|766,66|||111010001|4104808|4101408|
|D190|000|2353|12,00|6388,80|6388,80|766,66|0||
|D100|0|1|124076910001210|57|00|1||235230|41260212407691000121570010002352301338952554|19022026|20022026|0||6461,40||1|6461,40|6461,40|775,37|||111010001|4104808|4101408|
|D190|000|2353|12,00|6461,40|6461,40|775,37|0||
|D100|0|1|124076910001210|57|00|1||235305|41260212407691000121570010002353051412352082|20022026|24022026|0||9696,00||1|9696,00|9696,00|1163,52|||111010001|4104808|4101408|
|D190|000|2353|12,00|9696,00|9696,00|1163,52|0||
|D100|0|1|124076910001210|57|00|1||235370|41260212407691000121570010002353701998151428|20022026|24022026|0||8064,00||1|8064,00|8064,00|967,68|||111010001|4104808|4101408|
|D190|000|2353|12,00|8064,00|8064,00|967,68|0||
|D100|0|1|124076910001210|57|00|1||235371|41260212407691000121570010002353711897081693|20022026|24022026|0||8880,00||1|8880,00|8880,00|1065,60|||111010001|4104808|4101408|
|D190|000|2353|12,00|8880,00|8880,00|1065,60|0||
|D100|0|1|124076910001210|57|00|1||235391|41260212407691000121570010002353911230277407|20022026|24022026|0||6717,60||1|6717,60|6717,60|806,11|||111010001|4104808|4101408|
|D190|000|2353|12,00|6717,60|6717,60|806,11|0||
|D100|0|1|124076910001210|57|00|1||235392|41260212407691000121570010002353921385978236|20022026|24022026|0||3045,60||1|3045,60|3045,60|365,47|||111010001|4104808|4101408|
|D190|000|2353|12,00|3045,60|3045,60|365,47|0||
|D100|0|1|124076910001210|57|00|1||235765|41260212407691000121570010002357651648503807|25022026|26022026|0||11985,60||1|11985,60|11985,60|1438,27|||111010001|4104808|4101408|
|D190|000|2353|12,00|11985,60|11985,60|1438,27|0||
|D100|0|1|173394650002550|57|00|1||224111|41260217339465000255570010002241111777289622|03022026|16022026|0||6629,70||1|6629,70|6629,70|795,56|||111010001|4104808|4101408|
|D190|000|2353|12,00|6629,70|6629,70|795,56|0||
|D100|0|1|173394650002550|57|00|1||224132|41260217339465000255570010002241321894964466|03022026|16022026|0||7289,00||1|7289,00|7289,00|874,68|||111010001|4104808|4101408|
|D190|000|2353|12,00|7289,00|7289,00|874,68|0||
|D100|0|1|173394650002550|57|00|1||224263|41260217339465000255570010002242631350288395|04022026|16022026|0||8028,00||1|8028,00|8028,00|963,36|||111010001|4104808|4101408|
|D190|000|2353|12,00|8028,00|8028,00|963,36|0||
|D100|0|1|173394650002550|57|00|1||224375|41260217339465000255570010002243751670003991|04022026|16022026|0||7592,00||1|7592,00|7592,00|911,04|||111010001|4104808|4101408|
|D190|000|2353|12,00|7592,00|7592,00|911,04|0||
|D100|0|1|173394650002550|57|00|1||224425|41260217339465000255570010002244251277030850|04022026|16022026|0||5339,60||1|5339,60|5339,60|640,75|||111010001|4104808|4101408|
|D190|000|2353|12,00|5339,60|5339,60|640,75|0||
|D100|0|1|173394650002550|57|00|1||224482|41260217339465000255570010002244821715650575|05022026|16022026|0||5311,60||1|5311,60|5311,60|637,39|||111010001|4104808|4101408|
|D190|000|2353|12,00|5311,60|5311,60|637,39|0||
|D100|0|1|173394650002550|57|00|1||224517|41260217339465000255570010002245171155929666|05022026|16022026|0||5555,20||1|5555,20|5555,20|666,62|||111010001|4104808|4101408|
|D190|000|2353|12,00|5555,20|5555,20|666,62|0||
|D100|0|1|173394650002550|57|00|1||224526|41260217339465000255570010002245261953442534|05022026|16022026|0||8779,50||1|8779,50|8779,50|1053,54|||111010001|4104808|4101408|
|D190|000|2353|12,00|8779,50|8779,50|1053,54|0||
|D100|0|1|173394650002550|57|00|1||224616|41260217339465000255570010002246161174941232|05022026|16022026|0||9103,50||1|9103,50|9103,50|1092,42|||111010001|4104808|4101408|
|D190|000|2353|12,00|9103,50|9103,50|1092,42|0||
|D100|0|1|173394650002550|57|00|1||224624|41260217339465000255570010002246241912450940|05022026|16022026|0||8651,25||1|8651,25|8651,25|1038,15|||111010001|4104808|4101408|
|D190|000|2353|12,00|8651,25|8651,25|1038,15|0||
|D100|0|1|173394650002550|57|00|1||224635|41260217339465000255570010002246351320814070|05022026|16022026|0||8563,50||1|8563,50|8563,50|1027,62|||111010001|4104808|4101408|
|D190|000|2353|12,00|8563,50|8563,50|1027,62|0||
|D100|0|1|173394650002550|57|00|1||224731|41260217339465000255570010002247311989101118|06022026|16022026|0||7960,00||1|7960,00|7960,00|955,20|||111010001|4104808|4101408|
|D190|000|2353|12,00|7960,00|7960,00|955,20|0||
|D100|0|1|173394650002550|57|00|1||224855|41260217339465000255570010002248551950293242|06022026|16022026|0||8176,00||1|8176,00|8176,00|981,12|||111010001|4104808|4101408|
|D190|000|2353|12,00|8176,00|8176,00|981,12|0||
|D100|0|1|173394650002550|57|00|1||224879|41260217339465000255570010002248791263810177|06022026|16022026|0||5611,50||1|5611,50|5611,50|673,38|||111010001|4104808|4101408|
|D190|000|2353|12,00|5611,50|5611,50|673,38|0||
|D100|0|1|173394650002550|57|00|1||225108|41260217339465000255570010002251081384407491|07022026|16022026|0||5379,50||1|5379,50|5379,50|645,54|||111010001|4104808|4101408|
|D190|000|2353|12,00|5379,50|5379,50|645,54|0||
|D100|0|1|173394650002550|57|00|1||225109|41260217339465000255570010002251091268277274|07022026|16022026|0||5594,10||1|5594,10|5594,10|671,29|||111010001|4104808|4101408|
|D190|000|2353|12,00|5594,10|5594,10|671,29|0||
|D100|0|1|173394650002550|57|00|1||225359|41260217339465000255570010002253591932532857|09022026|13022026|0||5900,05||1|5900,05|5900,05|708,01|||111010001|4104808|4101408|
|D190|000|2353|12,00|5900,05|5900,05|708,01|0||
|D100|0|1|173394650002550|57|00|1||225470|41260217339465000255570010002254701813088387|09022026|13022026|0||4192,50||1|4192,50|4192,50|503,10|||111010001|4104808|4101408|
|D190|000|2353|12,00|4192,50|4192,50|503,10|0||
|D100|0|1|173394650002550|57|00|1||225547|41260217339465000255570010002255471941414756|10022026|13022026|0||4889,30||1|4889,30|4889,30|586,72|||111010001|4104808|4101408|
|D190|000|2353|12,00|4889,30|4889,30|586,72|0||
|D100|0|1|173394650002550|57|00|1||225563|41260217339465000255570010002255631798556576|10022026|13022026|0||5575,25||1|5575,25|5575,25|669,03|||111010001|4104808|4101408|
|D190|000|2353|12,00|5575,25|5575,25|669,03|0||
|D100|0|1|173394650002550|57|00|1||225565|41260217339465000255570010002255651615575090|10022026|13022026|0||5533,20||1|5533,20|5533,20|663,98|||111010001|4104808|4101408|
|D190|000|2353|12,00|5533,20|5533,20|663,98|0||
|D100|0|1|173394650002550|57|00|1||225666|41260217339465000255570010002256661200431743|10022026|13022026|0||7375,80||1|7375,80|7375,80|885,10|||111010001|4104808|4101408|
|D190|000|2353|12,00|7375,80|7375,80|885,10|0||
|D100|0|1|173394650002550|57|00|1||225767|41260217339465000255570010002257671962868644|10022026|13022026|0||5874,00||1|5874,00|5874,00|704,88|||111010001|4104808|4101408|
|D190|000|2353|12,00|5874,00|5874,00|704,88|0||
|D100|0|1|173394650002550|57|00|1||225773|41260217339465000255570010002257731053712182|10022026|13022026|0||7364,40||1|7364,40|7364,40|883,73|||111010001|4104808|4101408|
|D190|000|2353|12,00|7364,40|7364,40|883,73|0||
|D100|0|1|173394650002550|57|00|1||225957|41260217339465000255570010002259571521155608|11022026|13022026|0||5901,50||1|5901,50|5901,50|708,18|||111010001|4104808|4101408|
|D190|000|2353|12,00|5901,50|5901,50|708,18|0||
|D100|0|1|173394650002550|57|00|1||226018|41260217339465000255570010002260181235131775|11022026|13022026|0||5536,10||1|5536,10|5536,10|664,33|||111010001|4104808|4101408|
|D190|000|2353|12,00|5536,10|5536,10|664,33|0||
|D100|0|1|173394650002550|57|00|1||226026|41260217339465000255570010002260261110505221|11022026|13022026|0||5465,05||1|5465,05|5465,05|655,81|||111010001|4104808|4101408|
|D190|000|2353|12,00|5465,05|5465,05|655,81|0||
|D100|0|1|173394650002550|57|00|1||226053|41260217339465000255570010002260531045235226|11022026|13022026|0||5575,25||1|5575,25|5575,25|669,03|||111010001|4104808|4101408|
|D190|000|2353|12,00|5575,25|5575,25|669,03|0||
|D100|0|1|173394650002550|57|00|1||226106|41260217339465000255570010002261061279862451|12022026|13022026|0||5019,00||1|5019,00|5019,00|602,28|||111010001|4104808|4101408|
|D190|000|2353|12,00|5019,00|5019,00|602,28|0||
|D100|0|1|173394650002550|57|00|1||226141|41260217339465000255570010002261411116489319|12022026|13022026|0||6213,00||1|6213,00|6213,00|745,56|||111010001|4104808|4101408|
|D190|000|2353|12,00|6213,00|6213,00|745,56|0||
|D100|0|1|173394650002550|57|00|1||226164|41260217339465000255570010002261641099319567|12022026|13022026|0||5835,00||1|5835,00|5835,00|700,20|||111010001|4104808|4101408|
|D190|000|2353|12,00|5835,00|5835,00|700,20|0||
|D100|0|1|173394650002550|57|00|1||226178|41260217339465000255570010002261781504849193|12022026|13022026|0||4652,20||1|4652,20|4652,20|558,26|||111010001|4104808|4101408|
|D190|000|2353|12,00|4652,20|4652,20|558,26|0||
|D100|0|1|173394650002550|57|00|1||226185|41260217339465000255570010002261851246710460|12022026|13022026|0||3564,40||1|3564,40|3564,40|427,73|||111010001|4104808|4101408|
|D190|000|2353|12,00|3564,40|3564,40|427,73|0||
|D100|0|1|173394650002550|57|00|1||226192|41260217339465000255570010002261921215420502|12022026|13022026|0||5440,40||1|5440,40|5440,40|652,85|||111010001|4104808|4101408|
|D190|000|2353|12,00|5440,40|5440,40|652,85|0||
|D100|0|1|173394650002550|57|00|1||226201|41260217339465000255570010002262011687728099|12022026|13022026|0||4927,00||1|4927,00|4927,00|591,24|||111010001|4104808|4101408|
|D190|000|2353|12,00|4927,00|4927,00|591,24|0||
|D100|0|1|173394650002550|57|00|1||226202|41260217339465000255570010002262021775463710|12022026|13022026|0||4851,60||1|4851,60|4851,60|582,19|||111010001|4104808|4101408|
|D190|000|2353|12,00|4851,60|4851,60|582,19|0||
|D100|0|1|173394650002550|57|00|1||226292|41260217339465000255570010002262921135040733|12022026|13022026|0||5669,50||1|5669,50|5669,50|680,34|||111010001|4104808|4101408|
|D190|000|2353|12,00|5669,50|5669,50|680,34|0||
|D100|0|1|173394650002550|57|00|1||226411|41260217339465000255570010002264111520912900|13022026|13022026|0||5658,00||1|5658,00|5658,00|678,96|||111010001|4104808|4101408|
|D190|000|2353|12,00|5658,00|5658,00|678,96|0||
|D100|0|1|173394650002550|57|00|1||226619|41260217339465000255570010002266191424975679|14022026|16022026|0||6075,00||1|6075,00|6075,00|729,00|||111010001|4104808|4101408|
|D190|000|2353|12,00|6075,00|6075,00|729,00|0||
|D100|0|1|173394650002550|57|00|1||226707|41260217339465000255570010002267071783156840|14022026|16022026|0||4871,10||1|4871,10|4871,10|584,53|||111010001|4104808|4101408|
|D190|000|2353|12,00|4871,10|4871,10|584,53|0||
|D100|0|1|173394650002550|57|00|1||226712|41260217339465000255570010002267121412215245|14022026|16022026|0||4825,60||1|4825,60|4825,60|579,07|||111010001|4104808|4101408|
|D190|000|2353|12,00|4825,60|4825,60|579,07|0||
|D100|0|1|173394650002550|57|00|1||226724|41260217339465000255570010002267241483445147|14022026|16022026|0||8352,00||1|8352,00|8352,00|1002,24|||111010001|4104808|4101408|
|D190|000|2353|12,00|8352,00|8352,00|1002,24|0||
|D100|0|1|173394650002550|57|00|1||226725|41260217339465000255570010002267251202819886|14022026|16022026|0||9000,00||1|9000,00|9000,00|1080,00|||111010001|4104808|4101408|
|D190|000|2353|12,00|9000,00|9000,00|1080,00|0||
|D100|0|1|173394650002550|57|00|1||226729|41260217339465000255570010002267291100980784|14022026|16022026|0||8849,25||1|8849,25|8849,25|1061,91|||111010001|4104808|4101408|
|D190|000|2353|12,00|8849,25|8849,25|1061,91|0||
|D100|0|1|173394650002550|57|00|1||226746|41260217339465000255570010002267461177242274|14022026|16022026|0||4949,10||1|4949,10|4949,10|593,89|||111010001|4104808|4101408|
|D190|000|2353|12,00|4949,10|4949,10|593,89|0||
|D100|0|1|173394650002550|57|00|1||226766|41260217339465000255570010002267661357340331|14022026|16022026|0||5724,00||1|5724,00|5724,00|686,88|||111010001|4104808|4101408|
|D190|000|2353|12,00|5724,00|5724,00|686,88|0||
|D100|0|1|173394650002550|57|00|1||226953|41260217339465000255570010002269531716299175|16022026|17022026|0||2688,55||1|2688,55|2688,55|322,63|||111010001|4104808|4101408|
|D190|000|2353|12,00|2688,55|2688,55|322,63|0||
|D100|0|1|173394650002550|57|00|1||227234|41260217339465000255570010002272341541457347|18022026|19022026|0||5800,50||1|5800,50|5800,50|696,06|||111010001|4104808|4101408|
|D190|000|2353|12,00|5800,50|5800,50|696,06|0||
|D100|0|1|173394650002550|57|00|1||227239|41260217339465000255570010002272391702347382|18022026|19022026|0||5664,00||1|5664,00|5664,00|679,68|||111010001|4104808|4101408|
|D190|000|2353|12,00|5664,00|5664,00|679,68|0||
|D100|0|1|173394650002550|57|00|1||227243|41260217339465000255570010002272431118727955|18022026|19022026|0||5683,50||1|5683,50|5683,50|682,02|||111010001|4104808|4101408|
|D190|000|2353|12,00|5683,50|5683,50|682,02|0||
|D100|0|1|173394650002550|57|00|1||227278|41260217339465000255570010002272781780155508|18022026|19022026|0||8887,50||1|8887,50|8887,50|1066,50|||111010001|4104808|4101408|
|D190|000|2353|12,00|8887,50|8887,50|1066,50|0||
|D100|0|1|173394650002550|57|00|1||227292|41260217339465000255570010002272921584044854|18022026|19022026|0||7505,00||1|7505,00|7505,00|900,60|||111010001|4104808|4101408|
|D190|000|2353|12,00|7505,00|7505,00|900,60|0||
|D100|0|1|173394650002550|57|00|1||227299|41260217339465000255570010002272991430438560|18022026|19022026|0||8437,50||1|8437,50|8437,50|1012,50|||111010001|4104808|4101408|
|D190|000|2353|12,00|8437,50|8437,50|1012,50|0||
|D100|0|1|173394650002550|57|00|1||227358|41260217339465000255570010002273581322209140|18022026|19022026|0||5743,50||1|5743,50|5743,50|689,22|||111010001|4104808|4101408|
|D190|000|2353|12,00|5743,50|5743,50|689,22|0||
|D100|0|1|173394650002550|57|00|1||227495|41260217339465000255570010002274951198554545|19022026|20022026|0||6637,95||1|6637,95|6637,95|796,55|||111010001|4104808|4101408|
|D190|000|2353|12,00|6637,95|6637,95|796,55|0||
|D100|0|1|173394650002550|57|00|1||227498|41260217339465000255570010002274981896166666|19022026|20022026|0||6573,60||1|6573,60|6573,60|788,83|||111010001|4104808|4101408|
|D190|000|2353|12,00|6573,60|6573,60|788,83|0||
|D100|0|1|173394650002550|57|00|1||227502|41260217339465000255570010002275021375050796|19022026|20022026|0||6064,50||1|6064,50|6064,50|727,74|||111010001|4104808|4101408|
|D190|000|2353|12,00|6064,50|6064,50|727,74|0||
|D100|0|1|173394650002550|57|00|1||227508|41260217339465000255570010002275081693202895|19022026|20022026|0||5755,10||1|5755,10|5755,10|690,61|||111010001|4104808|4101408|
|D190|000|2353|12,00|5755,10|5755,10|690,61|0||
|D100|0|1|173394650002550|57|00|1||227535|41260217339465000255570010002275351881521410|19022026|20022026|0||4923,00||1|4923,00|4923,00|590,76|||111010001|4104808|4101408|
|D190|000|2353|12,00|4923,00|4923,00|590,76|0||
|D100|0|1|173394650002550|57|00|1||227577|41260217339465000255570010002275771600525394|19022026|20022026|0||3789,60||1|3789,60|3789,60|454,75|||111010001|4104808|4101408|
|D190|000|2353|12,00|3789,60|3789,60|454,75|0||
|D100|0|1|173394650002550|57|00|1||227603|41260217339465000255570010002276031612797051|19022026|20022026|0||3924,00||1|3924,00|3924,00|470,88|||111010001|4104808|4101408|
|D190|000|2353|12,00|3924,00|3924,00|470,88|0||
|D100|0|1|173394650002550|57|00|1||227609|41260217339465000255570010002276091668017535|19022026|20022026|0||7764,00||1|7764,00|7764,00|931,68|||111010001|4104808|4101408|
|D190|000|2353|12,00|7764,00|7764,00|931,68|0||
|D100|0|1|173394650002550|57|00|1||227730|41260217339465000255570010002277301628267360|20022026|24022026|0||6623,10||1|6623,10|6623,10|794,77|||111010001|4104808|4101408|
|D190|000|2353|12,00|6623,10|6623,10|794,77|0||
|D100|0|1|173394650002550|57|00|1||227731|41260217339465000255570010002277311410340573|20022026|24022026|0||5301,45||1|5301,45|5301,45|636,17|||111010001|4104808|4101408|
|D190|000|2353|12,00|5301,45|5301,45|636,17|0||
|D100|0|1|173394650002550|57|00|1||227950|41260217339465000255570010002279501662792793|21022026|24022026|0||6753,60||1|6753,60|6753,60|810,43|||111010001|4104808|4101408|
|D190|000|2353|12,00|6753,60|6753,60|810,43|0||
|D100|0|1|173394650002550|57|00|1||228055|41260217339465000255570010002280551708309269|22022026|24022026|0||5902,50||1|5902,50|5902,50|708,30|||111010001|4104808|4101408|
|D190|000|2353|12,00|5902,50|5902,50|708,30|0||
|D100|0|1|173394650002550|57|00|1||228073|41260217339465000255570010002280731779465784|22022026|24022026|0||6385,60||1|6385,60|6385,60|766,27|||111010001|4104808|4101408|
|D190|000|2353|12,00|6385,60|6385,60|766,27|0||
|D100|0|1|173394650002550|57|00|1||228117|41260217339465000255570010002281171706166295|23022026|24022026|0||6425,10||1|6425,10|6425,10|771,01|||111010001|4104808|4101408|
|D190|000|2353|12,00|6425,10|6425,10|771,01|0||
|D100|0|1|173394650002550|57|00|1||228146|41260217339465000255570010002281461656142470|23022026|24022026|0||5871,00||1|5871,00|5871,00|704,52|||111010001|4104808|4101408|
|D190|000|2353|12,00|5871,00|5871,00|704,52|0||
|D100|0|1|173394650002550|57|00|1||228192|41260217339465000255570010002281921041700210|23022026|24022026|0||5331,20||1|5331,20|5331,20|639,74|||111010001|4104808|4101408|
|D190|000|2353|12,00|5331,20|5331,20|639,74|0||
|D100|0|1|173394650002550|57|00|1||228193|41260217339465000255570010002281931347863190|23022026|24022026|0||4457,60||1|4457,60|4457,60|534,91|||111010001|4104808|4101408|
|D190|000|2353|12,00|4457,60|4457,60|534,91|0||
|D100|0|1|173394650002550|57|00|1||228227|41260217339465000255570010002282271186265725|23022026|24022026|0||5802,00||1|5802,00|5802,00|696,24|||111010001|4104808|4101408|
|D190|000|2353|12,00|5802,00|5802,00|696,24|0||
|D100|0|1|173394650002550|57|00|1||228230|41260217339465000255570010002282301652127456|23022026|24022026|0||5600,00||1|5600,00|5600,00|672,00|||111010001|4104808|4101408|
|D190|000|2353|12,00|5600,00|5600,00|672,00|0||
|D100|0|1|173394650002550|57|00|1||228251|41260217339465000255570010002282511602132677|23022026|24022026|0||5448,80||1|5448,80|5448,80|653,86|||111010001|4104808|4101408|
|D190|000|2353|12,00|5448,80|5448,80|653,86|0||
|D100|0|1|173394650002550|57|00|1||228253|41260217339465000255570010002282531854751970|23022026|24022026|0||6263,40||1|6263,40|6263,40|751,61|||111010001|4104808|4101408|
|D190|000|2353|12,00|6263,40|6263,40|751,61|0||
|D100|0|1|173394650002550|57|00|1||228256|41260217339465000255570010002282561262615339|23022026|24022026|0||6438,30||1|6438,30|6438,30|772,60|||111010001|4104808|4101408|
|D190|000|2353|12,00|6438,30|6438,30|772,60|0||
|D100|0|1|173394650002550|57|00|1||228304|41260217339465000255570010002283041627553795|24022026|24022026|0||5558,00||1|5558,00|5558,00|666,96|||111010001|4104808|4101408|
|D190|000|2353|12,00|5558,00|5558,00|666,96|0||
|D100|0|1|173394650002550|57|00|1||228309|41260217339465000255570010002283091620875114|24022026|24022026|0||4460,40||1|4460,40|4460,40|535,25|||111010001|4104808|4101408|
|D190|000|2353|12,00|4460,40|4460,40|535,25|0||
|D100|0|1|173394650002550|57|00|1||228388|41260217339465000255570010002283881210559305|24022026|24022026|0||5535,00||1|5535,00|5535,00|664,20|||111010001|4104808|4101408|
|D190|000|2353|12,00|5535,00|5535,00|664,20|0||
|D100|0|1|173394650002550|57|00|1||228421|41260217339465000255570010002284211295759580|24022026|24022026|0||5373,20||1|5373,20|5373,20|644,78|||111010001|4104808|4101408|
|D190|000|2353|12,00|5373,20|5373,20|644,78|0||
|D100|0|1|173394650002550|57|00|1||228481|41260217339465000255570010002284811249801373|24022026|26022026|0||5289,20||1|5289,20|5289,20|634,70|||111010001|4104808|4101408|
|D190|000|2353|12,00|5289,20|5289,20|634,70|0||
|D100|0|1|173394650002550|57|00|1||228505|41260217339465000255570010002285051515958112|24022026|26022026|0||6443,25||1|6443,25|6443,25|773,19|||111010001|4104808|4101408|
|D190|000|2353|12,00|6443,25|6443,25|773,19|0||
|D100|0|1|173394650002550|57|00|1||228515|41260217339465000255570010002285151555815106|25022026|26022026|0||5600,00||1|5600,00|5600,00|672,00|||111010001|4104808|4101408|
|D190|000|2353|12,00|5600,00|5600,00|672,00|0||
|D100|0|1|173394650002550|57|00|1||228516|41260217339465000255570010002285161597772992|25022026|26022026|0||5353,60||1|5353,60|5353,60|642,43|||111010001|4104808|4101408|
|D190|000|2353|12,00|5353,60|5353,60|642,43|0||
|D100|0|1|173394650002550|57|00|1||228527|41260217339465000255570010002285271755838640|25022026|26022026|0||5580,40||1|5580,40|5580,40|669,65|||111010001|4104808|4101408|
|D190|000|2353|12,00|5580,40|5580,40|669,65|0||
|D100|0|1|173394650002550|57|00|1||228570|41260217339465000255570010002285701024906315|25022026|26022026|0||7876,10||1|7876,10|7876,10|945,13|||111010001|4104808|4101408|
|D190|000|2353|12,00|7876,10|7876,10|945,13|0||
|D100|0|1|173394650002550|57|00|1||228575|41260217339465000255570010002285751595366572|25022026|26022026|0||8191,80||1|8191,80|8191,80|983,02|||111010001|4104808|4101408|
|D190|000|2353|12,00|8191,80|8191,80|983,02|0||
|D100|0|1|173394650002550|57|00|1||228579|41260217339465000255570010002285791484000749|25022026|26022026|0||5794,50||1|5794,50|5794,50|695,34|||111010001|4104808|4101408|
|D190|000|2353|12,00|5794,50|5794,50|695,34|0||
|D100|0|1|173394650002550|57|00|1||228583|41260217339465000255570010002285831971951806|25022026|26022026|0||6797,80||1|6797,80|6797,80|815,74|||111010001|4104808|4101408|
|D190|000|2353|12,00|6797,80|6797,80|815,74|0||
|D100|0|1|173394650002550|57|00|1||228599|41260217339465000255570010002285991191370251|25022026|26022026|0||5252,80||1|5252,80|5252,80|630,34|||111010001|4104808|4101408|
|D190|000|2353|12,00|5252,80|5252,80|630,34|0||
|D100|0|1|173394650002550|57|00|1||228621|41260217339465000255570010002286211925573708|25022026|26022026|0||5445,00||1|5445,00|5445,00|653,40|||111010001|4104808|4101408|
|D190|000|2353|12,00|5445,00|5445,00|653,40|0||
|D100|0|1|173394650002550|57|00|1||228636|41260217339465000255570010002286361897124544|25022026|26022026|0||6395,40||1|6395,40|6395,40|767,45|||111010001|4104808|4101408|
|D190|000|2353|12,00|6395,40|6395,40|767,45|0||
|D100|0|1|173394650002550|57|00|1||228637|41260217339465000255570010002286371792303306|25022026|26022026|0||6555,60||1|6555,60|6555,60|786,67|||111010001|4104808|4101408|
|D190|000|2353|12,00|6555,60|6555,60|786,67|0||
|D100|0|1|173394650002550|57|00|1||228642|41260217339465000255570010002286421756122194|25022026|26022026|0||5387,25||1|5387,25|5387,25|646,47|||111010001|4104808|4101408|
|D190|000|2353|12,00|5387,25|5387,25|646,47|0||
|D100|0|1|173394650002550|57|00|1||228643|41260217339465000255570010002286431214126980|25022026|26022026|0||5253,60||1|5253,60|5253,60|630,43|||111010001|4104808|4101408|
|D190|000|2353|12,00|5253,60|5253,60|630,43|0||
|D100|0|1|173394650002550|57|00|1||228733|41260217339465000255570010002287331067024079|26022026|27022026|0||6426,00||1|6426,00|6426,00|771,12|||111010001|4104808|4101408|
|D190|000|2353|12,00|6426,00|6426,00|771,12|0||
|D100|0|1|173394650002550|57|00|1||228742|41260217339465000255570010002287421714246710|26022026|27022026|0||6903,75||1|6903,75|6903,75|828,45|||111010001|4104808|4101408|
|D190|000|2353|12,00|6903,75|6903,75|828,45|0||
|D100|0|1|173394650002550|57|00|1||228816|41260217339465000255570010002288161554643259|26022026|27022026|0||6550,50||1|6550,50|6550,50|786,06|||111010001|4104808|4101408|
|D190|000|2353|12,00|6550,50|6550,50|786,06|0||
|D100|0|1|173394650002550|57|00|1||228836|41260217339465000255570010002288361542544970|26022026|27022026|0||6924,75||1|6924,75|6924,75|830,97|||111010001|4104808|4101408|
|D190|000|2353|12,00|6924,75|6924,75|830,97|0||
|D100|0|1|173394650002550|57|00|1||228848|41260217339465000255570010002288481764546202|26022026|27022026|0||6076,50||1|6076,50|6076,50|729,18|||111010001|4104808|4101408|
|D190|000|2353|12,00|6076,50|6076,50|729,18|0||
|D100|0|1|173394650002550|57|00|1||228898|41260217339465000255570010002288981650411733|26022026|27022026|0||7562,10||1|7562,10|7562,10|907,45|||111010001|4104808|4101408|
|D190|000|2353|12,00|7562,10|7562,10|907,45|0||
|D100|0|1|173394650002550|57|00|1||228905|41260217339465000255570010002289051234548400|27022026|27022026|0||6451,50||1|6451,50|6451,50|774,18|||111010001|4104808|4101408|
|D190|000|2353|12,00|6451,50|6451,50|774,18|0||
|D100|0|1|173394650002550|57|00|1||228988|41260217339465000255570010002289881412365849|27022026|27022026|0||5964,00||1|5964,00|5964,00|715,68|||111010001|4104808|4101408|
|D190|000|2353|12,00|5964,00|5964,00|715,68|0||
|D100|0|1|173394650002550|57|00|1||228991|41260217339465000255570010002289911789036980|27022026|27022026|0||6900,25||1|6900,25|6900,25|828,03|||111010001|4104808|4101408|
|D190|000|2353|12,00|6900,25|6900,25|828,03|0||
|D100|0|1|173394650002550|57|00|1||228993|41260217339465000255570010002289931522746324|27022026|27022026|0||5720,75||1|5720,75|5720,75|686,49|||111010001|4104808|4101408|
|D190|000|2353|12,00|5720,75|5720,75|686,49|0||
|D100|0|1|173394650002550|57|00|1||229066|41260217339465000255570010002290661743552377|27022026|28022026|0||5950,50||1|5950,50|5950,50|714,06|||111010001|4104808|4101408|
|D190|000|2353|12,00|5950,50|5950,50|714,06|0||
|D100|0|1|173394650002550|57|00|1||229098|41260217339465000255570010002290981001366371|27022026|28022026|0||4728,00||1|4728,00|4728,00|567,36|||111010001|4104808|4101408|
|D190|000|2353|12,00|4728,00|4728,00|567,36|0||
|D100|0|1|245410820001400|57|00|1||14808|41260224541082000140570010000148081991496390|06022026|16022026|0||4494,00||1|4494,00|4494,00|539,28|||111010001|4104808|4101408|
|D190|000|2353|12,00|4494,00|4494,00|539,28|0||
|D100|0|1|245410820001400|57|00|1||14826|41260224541082000140570010000148261907105930|07022026|16022026|0||5577,60||1|5577,60|5577,60|669,31|||111010001|4104808|4101408|
|D190|000|2353|12,00|5577,60|5577,60|669,31|0||
|D100|0|1|245410820001400|57|00|1||14840|41260224541082000140570010000148401299338119|09022026|16022026|0||4384,80||1|4384,80|4384,80|526,18|||111010001|4104808|4101408|
|D190|000|2353|12,00|4384,80|4384,80|526,18|0||
|D100|0|1|245410820001400|57|00|1||14866|41260224541082000140570010000148661577737110|12022026|13022026|0||4916,80||1|4916,80|4916,80|590,02|||111010001|4104808|4101408|
|D190|000|2353|12,00|4916,80|4916,80|590,02|0||
|D100|0|1|245410820001400|57|00|1||14882|41260224541082000140570010000148821703661117|12022026|13022026|0||5594,40||1|5594,40|5594,40|671,33|||111010001|4104808|4101408|
|D190|000|2353|12,00|5594,40|5594,40|671,33|0||
|D100|0|1|245410820001400|57|00|1||14887|41260224541082000140570010000148871108537240|12022026|13022026|0||4575,20||1|4575,20|4575,20|549,02|||111010001|4104808|4101408|
|D190|000|2353|12,00|4575,20|4575,20|549,02|0||
|D100|0|1|379298730004360|57|00|1||30869|41260237929873000436570010000308691895579699|25022026|26022026|0||9617,46||1|9617,46|9617,46|1154,10|||111010001|4128708|4101408|
|D190|000|2353|12,00|9617,46|9617,46|1154,10|0||
|D100|0|1|633582100001760|57|00|1||270|41260163358210000176570010000002701631149332|07012026|06022026|0||5778,00||1|5778,00|5778,00|693,36|||111010001|4101408|4101408|
|D190|000|2353|12,00|5778,00|5778,00|693,36|0||
|D100|0|1|633582100001760|57|00|1||292|41260163358210000176570010000002921902569690|19012026|25022026|0||5673,60||1|5673,60|5673,60|680,83|||111010001|4101408|4101408|
|D190|000|2353|12,00|5673,60|5673,60|680,83|0||
|D100|0|1|633582100001760|57|00|1||369|41260263358210000176570010000003691231450300|02022026|13022026|0||6480,40||1|6480,40|6480,40|777,65|||111010001|4101408|4101408|
|D190|000|2353|12,00|6480,40|6480,40|777,65|0||
|D100|0|1|633582100001760|57|00|1||372|41260263358210000176570010000003721852346940|04022026|13022026|0||6871,40||1|6871,40|6871,40|824,57|||111010001|4101408|4101408|
|D190|000|2353|12,00|6871,40|6871,40|824,57|0||
|D100|0|1|633582100001760|57|00|1||378|41260263358210000176570010000003781166877936|10022026|13022026|0||6512,40||1|6512,40|6512,40|781,49|||111010001|4101408|4101408|
|D190|000|2353|12,00|6512,40|6512,40|781,49|0||
|D100|0|1|633582100001760|57|00|1||379|41260263358210000176570010000003791002182509|10022026|13022026|0||5745,00||1|5745,00|5745,00|689,40|||111010001|4101408|4101408|
|D190|000|2353|12,00|5745,00|5745,00|689,40|0||
|D100|0|1|633582100001760|57|00|1||380|41260263358210000176570010000003801286580122|10022026|13022026|0||5635,80||1|5635,80|5635,80|676,30|||111010001|4101408|4101408|
|D190|000|2353|12,00|5635,80|5635,80|676,30|0||
|D100|0|1|633582100001760|57|00|1||381|41260263358210000176570010000003811542235201|11022026|27022026|0||3139,20||1|3139,20|3139,20|376,70|||111010001|4101408|4101408|
|D190|000|2353|12,00|3139,20|3139,20|376,70|0||
|D100|0|1|633582100001760|57|00|1||382|41260263358210000176570010000003821931838800|11022026|27022026|0||3050,40||1|3050,40|3050,40|366,05|||111010001|4101408|4101408|
|D190|000|2353|12,00|3050,40|3050,40|366,05|0||
|D100|0|1|633582100001760|57|00|1||383|41260263358210000176570010000003831779610020|11022026|27022026|0||3147,60||1|3147,60|3147,60|377,71|||111010001|4101408|4101408|
|D190|000|2353|12,00|3147,60|3147,60|377,71|0||
|D100|0|1|633582100001760|57|00|1||384|41260263358210000176570010000003841237920313|11022026|27022026|0||3019,20||1|3019,20|3019,20|362,30|||111010001|4101408|4101408|
|D190|000|2353|12,00|3019,20|3019,20|362,30|0||
|D100|0|1|633582100001760|57|00|1||385|41260263358210000176570010000003851322587558|11022026|27022026|0||3074,40||1|3074,40|3074,40|368,93|||111010001|4101408|4101408|
|D190|000|2353|12,00|3074,40|3074,40|368,93|0||
|D100|0|1|633582100001760|57|00|1||386|41260263358210000176570010000003861135259183|11022026|27022026|0||3070,80||1|3070,80|3070,80|368,50|||111010001|4101408|4101408|
|D190|000|2353|12,00|3070,80|3070,80|368,50|0||
|D100|0|1|633582100001760|57|00|1||387|41260263358210000176570010000003871625937495|11022026|27022026|0||3199,20||1|3199,20|3199,20|383,90|||111010001|4101408|4101408|
|D190|000|2353|12,00|3199,20|3199,20|383,90|0||
|D100|0|1|633582100001760|57|00|1||388|41260263358210000176570010000003881110905159|12022026|13022026|0||9350,40||1|9350,40|9350,40|1122,05|||111010001|4101408|4101408|
|D190|000|2353|12,00|9350,40|9350,40|1122,05|0||
|D100|0|1|633582100001760|57|00|1||389|41260263358210000176570010000003891606454535|12022026|27022026|0||3052,80||1|3052,80|3052,80|366,34|||111010001|4101408|4101408|
|D190|000|2353|12,00|3052,80|3052,80|366,34|0||
|D100|0|1|633582100001760|57|00|1||390|41260263358210000176570010000003901436203074|12022026|27022026|0||3092,40||1|3092,40|3092,40|371,09|||111010001|4101408|4101408|
|D190|000|2353|12,00|3092,40|3092,40|371,09|0||
|D100|0|1|633582100001760|57|00|1||391|41260263358210000176570010000003911671992277|12022026|27022026|0||3061,20||1|3061,20|3061,20|367,34|||111010001|4101408|4101408|
|D190|000|2353|12,00|3061,20|3061,20|367,34|0||
|D100|0|1|633582100001760|57|00|1||392|41260263358210000176570010000003921521358065|12022026|13022026|0||4950,00||1|4950,00|4950,00|594,00|||111010001|4101408|4101408|
|D190|000|2353|12,00|4950,00|4950,00|594,00|0||
|D100|0|1|633582100001760|57|00|1||393|41260263358210000176570010000003931600201387|13022026|27022026|0||3058,80||1|3058,80|3058,80|367,06|||111010001|4101408|4101408|
|D190|000|2353|12,00|3058,80|3058,80|367,06|0||
|D100|0|1|633582100001760|57|00|1||394|41260263358210000176570010000003941074960539|13022026|27022026|0||3057,60||1|3057,60|3057,60|366,91|||111010001|4101408|4101408|
|D190|000|2353|12,00|3057,60|3057,60|366,91|0||
|D100|0|1|633582100001760|57|00|1||395|41260263358210000176570010000003951189760874|13022026|27022026|0||3061,20||1|3061,20|3061,20|367,34|||111010001|4101408|4101408|
|D190|000|2353|12,00|3061,20|3061,20|367,34|0||
|D100|0|1|633582100001760|57|00|1||396|41260263358210000176570010000003961063497500|13022026|27022026|0||3140,40||1|3140,40|3140,40|376,85|||111010001|4101408|4101408|
|D190|000|2353|12,00|3140,40|3140,40|376,85|0||
|D100|0|1|633582100001760|57|00|1||397|41260263358210000176570010000003971051594660|13022026|27022026|0||3187,20||1|3187,20|3187,20|382,46|||111010001|4101408|4101408|
|D190|000|2353|12,00|3187,20|3187,20|382,46|0||
|D100|0|1|633582100001760|57|00|1||398|41260263358210000176570010000003981108036250|13022026|27022026|0||3061,20||1|3061,20|3061,20|367,34|||111010001|4101408|4101408|
|D190|000|2353|12,00|3061,20|3061,20|367,34|0||
|D100|0|1|633582100001760|57|00|1||399|41260263358210000176570010000003991102801327|13022026|27022026|0||3124,80||1|3124,80|3124,80|374,98|||111010001|4101408|4101408|
|D190|000|2353|12,00|3124,80|3124,80|374,98|0||
|D100|0|1|633582100001760|57|00|1||400|41260263358210000176570010000004001685070254|13022026|27022026|0||3094,80||1|3094,80|3094,80|371,38|||111010001|4101408|4101408|
|D190|000|2353|12,00|3094,80|3094,80|371,38|0||
|D100|0|1|633582100001760|57|00|1||401|41260263358210000176570010000004011629338392|13022026|27022026|0||3085,20||1|3085,20|3085,20|370,22|||111010001|4101408|4101408|
|D190|000|2353|12,00|3085,20|3085,20|370,22|0||
|D100|0|1|633582100001760|57|00|1||402|41260263358210000176570010000004021453430698|13022026|27022026|0||3024,00||1|3024,00|3024,00|362,88|||111010001|4101408|4101408|
|D190|000|2353|12,00|3024,00|3024,00|362,88|0||
|D100|0|1|633582100001760|57|00|1||403|41260263358210000176570010000004031129567621|13022026|27022026|0||3074,40||1|3074,40|3074,40|368,93|||111010001|4101408|4101408|
|D190|000|2353|12,00|3074,40|3074,40|368,93|0||
|D100|0|1|633582100001760|57|00|1||404|41260263358210000176570010000004041610331238|13022026|27022026|0||3079,20||1|3079,20|3079,20|369,50|||111010001|4101408|4101408|
|D190|000|2353|12,00|3079,20|3079,20|369,50|0||
|D100|0|1|633582100001760|57|00|1||405|41260263358210000176570010000004051514527795|13022026|27022026|0||3018,00||1|3018,00|3018,00|362,16|||111010001|4101408|4101408|
|D190|000|2353|12,00|3018,00|3018,00|362,16|0||
|D100|0|1|633582100001760|57|00|1||406|41260263358210000176570010000004061648425510|13022026|27022026|0||3158,40||1|3158,40|3158,40|379,01|||111010001|4101408|4101408|
|D190|000|2353|12,00|3158,40|3158,40|379,01|0||
|D100|0|1|633582100001760|57|00|1||407|41260263358210000176570010000004071160370205|17022026|17022026|0||9652,80||1|9652,80|9652,80|1158,34|||111010001|4101408|4101408|
|D190|000|2353|12,00|9652,80|9652,80|1158,34|0||
|D100|0|1|633582100001760|57|00|1||408|41260263358210000176570010000004081285929213|19022026|27022026|0||3112,80||1|3112,80|3112,80|373,54|||111010001|4101408|4101408|
|D190|000|2353|12,00|3112,80|3112,80|373,54|0||
|D100|0|1|633582100001760|57|00|1||409|41260263358210000176570010000004091946261975|19022026|27022026|0||3139,20||1|3139,20|3139,20|376,70|||111010001|4101408|4101408|
|D190|000|2353|12,00|3139,20|3139,20|376,70|0||
|D100|0|1|633582100001760|57|00|1||410|41260263358210000176570010000004101024096941|19022026|27022026|0||3042,00||1|3042,00|3042,00|365,04|||111010001|4101408|4101408|
|D190|000|2353|12,00|3042,00|3042,00|365,04|0||
|D100|0|1|633582100001760|57|00|1||411|41260263358210000176570010000004111188012217|19022026|27022026|0||3082,80||1|3082,80|3082,80|369,94|||111010001|4101408|4101408|
|D190|000|2353|12,00|3082,80|3082,80|369,94|0||
|D100|0|1|633582100001760|57|00|1||412|41260263358210000176570010000004121622419480|19022026|27022026|0||3175,20||1|3175,20|3175,20|381,02|||111010001|4101408|4101408|
|D190|000|2353|12,00|3175,20|3175,20|381,02|0||
|D100|0|1|633582100001760|57|00|1||413|41260263358210000176570010000004131987343413|19022026|27022026|0||3108,00||1|3108,00|3108,00|372,96|||111010001|4101408|4101408|
|D190|000|2353|12,00|3108,00|3108,00|372,96|0||
|D100|0|1|633582100001760|57|00|1||414|41260263358210000176570010000004141842439174|19022026|27022026|0||3013,20||1|3013,20|3013,20|361,58|||111010001|4101408|4101408|
|D190|000|2353|12,00|3013,20|3013,20|361,58|0||
|D100|0|1|633582100001760|57|00|1||415|41260263358210000176570010000004151224567910|19022026|27022026|0||3070,80||1|3070,80|3070,80|368,50|||111010001|4101408|4101408|
|D190|000|2353|12,00|3070,80|3070,80|368,50|0||
|D100|0|1|633582100001760|57|00|1||416|41260263358210000176570010000004161984808182|19022026|20022026|0||8647,30||1|8647,30|8647,30|1037,68|||111010001|4101408|4101408|
|D190|000|2353|12,00|8647,30|8647,30|1037,68|0||
|D100|0|1|633582100001760|57|00|1||417|41260263358210000176570010000004171207687974|19022026|20022026|0||10135,00||1|10135,00|10135,00|1216,20|||111010001|4101408|4101408|
|D190|000|2353|12,00|10135,00|10135,00|1216,20|0||
|D100|0|1|633582100001760|57|00|1||418|41260263358210000176570010000004181474913396|23022026|27022026|0||3052,80||1|3052,80|3052,80|366,34|||111010001|4101408|4101408|
|D190|000|2353|12,00|3052,80|3052,80|366,34|0||
|D100|0|1|633582100001760|57|00|1||419|41260263358210000176570010000004191863698663|23022026|27022026|0||3049,20||1|3049,20|3049,20|365,90|||111010001|4101408|4101408|
|D190|000|2353|12,00|3049,20|3049,20|365,90|0||
|D100|0|1|633582100001760|57|00|1||420|41260263358210000176570010000004201196311359|23022026|27022026|0||3168,00||1|3168,00|3168,00|380,16|||111010001|4101408|4101408|
|D190|000|2353|12,00|3168,00|3168,00|380,16|0||
|D100|0|1|633582100001760|57|00|1||421|41260263358210000176570010000004211595260909|23022026|27022026|0||3177,60||1|3177,60|3177,60|381,31|||111010001|4101408|4101408|
|D190|000|2353|12,00|3177,60|3177,60|381,31|0||
|D100|0|1|633582100001760|57|00|1||422|41260263358210000176570010000004221370378578|23022026|24022026|0||5764,89||1|5764,89|5764,89|691,79|||111010001|4101408|4101408|
|D190|000|2353|12,00|5764,89|5764,89|691,79|0||
|D100|0|1|633582100001760|57|00|1||423|41260263358210000176570010000004231436000230|23022026|27022026|0||3045,60||1|3045,60|3045,60|365,47|||111010001|4101408|4101408|
|D190|000|2353|12,00|3045,60|3045,60|365,47|0||
|D100|0|1|633582100001760|57|00|1||424|41260263358210000176570010000004241395977054|23022026|27022026|0||3085,20||1|3085,20|3085,20|370,22|||111010001|4101408|4101408|
|D190|000|2353|12,00|3085,20|3085,20|370,22|0||
|D100|0|1|633582100001760|57|00|1||425|41260263358210000176570010000004251487305262|23022026|27022026|0||3050,40||1|3050,40|3050,40|366,05|||111010001|4101408|4101408|
|D190|000|2353|12,00|3050,40|3050,40|366,05|0||
|D100|0|1|633582100001760|57|00|1||426|41260263358210000176570010000004261186406822|23022026|27022026|0||3050,40||1|3050,40|3050,40|366,05|||111010001|4101408|4101408|
|D190|000|2353|12,00|3050,40|3050,40|366,05|0||
|D100|0|1|633582100001760|57|00|1||427|41260263358210000176570010000004271785036809|23022026|27022026|0||3103,20||1|3103,20|3103,20|372,38|||111010001|4101408|4101408|
|D190|000|2353|12,00|3103,20|3103,20|372,38|0||
|D100|0|1|633582100001760|57|00|1||428|41260263358210000176570010000004281081767307|23022026|27022026|0||3151,20||1|3151,20|3151,20|378,14|||111010001|4101408|4101408|
|D190|000|2353|12,00|3151,20|3151,20|378,14|0||
|D100|0|1|633582100001760|57|00|1||429|41260263358210000176570010000004291666663090|23022026|27022026|0||3111,60||1|3111,60|3111,60|373,39|||111010001|4101408|4101408|
|D190|000|2353|12,00|3111,60|3111,60|373,39|0||
|D100|0|1|633582100001760|57|00|1||430|41260263358210000176570010000004301314005682|24022026|27022026|0||3055,20||1|3055,20|3055,20|366,62|||111010001|4101408|4101408|
|D190|000|2353|12,00|3055,20|3055,20|366,62|0||
|D100|0|1|633582100001760|57|00|1||431|41260263358210000176570010000004311837852710|24022026|27022026|0||3020,40||1|3020,40|3020,40|362,45|||111010001|4101408|4101408|
|D190|000|2353|12,00|3020,40|3020,40|362,45|0||
|D100|0|1|633582100001760|57|00|1||432|41260263358210000176570010000004321659985376|24022026|27022026|0||3165,60||1|3165,60|3165,60|379,87|||111010001|4101408|4101408|
|D190|000|2353|12,00|3165,60|3165,60|379,87|0||
|D100|0|1|633582100001760|57|00|1||433|41260263358210000176570010000004331326245278|24022026|27022026|0||3109,20||1|3109,20|3109,20|373,10|||111010001|4101408|4101408|
|D190|000|2353|12,00|3109,20|3109,20|373,10|0||
|D100|0|1|633582100001760|57|00|1||434|41260263358210000176570010000004341468867853|24022026|27022026|0||3105,60||1|3105,60|3105,60|372,67|||111010001|4101408|4101408|
|D190|000|2353|12,00|3105,60|3105,60|372,67|0||
|D100|0|1|633582100001760|57|00|1||435|41260263358210000176570010000004351611249540|24022026|27022026|0||3160,80||1|3160,80|3160,80|379,30|||111010001|4101408|4101408|
|D190|000|2353|12,00|3160,80|3160,80|379,30|0||
|D100|0|1|633582100001760|57|00|1||436|41260263358210000176570010000004361512171604|25022026|27022026|0||3064,80||1|3064,80|3064,80|367,78|||111010001|4101408|4101408|
|D190|000|2353|12,00|3064,80|3064,80|367,78|0||
|D100|0|1|633582100001760|57|00|1||437|41260263358210000176570010000004371903682620|25022026|27022026|0||3026,40||1|3026,40|3026,40|363,17|||111010001|4101408|4101408|
|D190|000|2353|12,00|3026,40|3026,40|363,17|0||
|D100|0|1|633582100001760|57|00|1||438|41260263358210000176570010000004381727194913|25022026|27022026|0||3109,20||1|3109,20|3109,20|373,10|||111010001|4101408|4101408|
|D190|000|2353|12,00|3109,20|3109,20|373,10|0||
|D100|0|1|633582100001760|57|00|1||439|41260263358210000176570010000004391946467688|25022026|27022026|0||3036,00||1|3036,00|3036,00|364,32|||111010001|4101408|4101408|
|D190|000|2353|12,00|3036,00|3036,00|364,32|0||
|D100|0|1|633582100001760|57|00|1||440|41260263358210000176570010000004401773254441|25022026|27022026|0||3063,60||1|3063,60|3063,60|367,63|||111010001|4101408|4101408|
|D190|000|2353|12,00|3063,60|3063,60|367,63|0||
|D100|0|1|633582100001760|57|00|1||441|41260263358210000176570010000004411436391211|25022026|27022026|0||3019,20||1|3019,20|3019,20|362,30|||111010001|4101408|4101408|
|D190|000|2353|12,00|3019,20|3019,20|362,30|0||
|D100|0|1|633582100001760|57|00|1||442|41260263358210000176570010000004421926973753|25022026|27022026|0||3079,20||1|3079,20|3079,20|369,50|||111010001|4101408|4101408|
|D190|000|2353|12,00|3079,20|3079,20|369,50|0||
|D100|0|1|633582100001760|57|00|1||443|41260263358210000176570010000004431171044734|25022026|27022026|0||3012,00||1|3012,00|3012,00|361,44|||111010001|4101408|4101408|
|D190|000|2353|12,00|3012,00|3012,00|361,44|0||
|D100|0|1|633582100001760|57|00|1||444|41260263358210000176570010000004441361798192|25022026|27022026|0||3115,20||1|3115,20|3115,20|373,82|||111010001|4101408|4101408|
|D190|000|2353|12,00|3115,20|3115,20|373,82|0||
|D100|0|1|633582100001760|57|00|1||445|41260263358210000176570010000004451469810301|25022026|27022026|0||3090,00||1|3090,00|3090,00|370,80|||111010001|4101408|4101408|
|D190|000|2353|12,00|3090,00|3090,00|370,80|0||
|D100|0|1|633582100001760|57|00|1||446|41260263358210000176570010000004461337293153|25022026|27022026|0||3088,80||1|3088,80|3088,80|370,66|||111010001|4101408|4101408|
|D190|000|2353|12,00|3088,80|3088,80|370,66|0||
|D100|0|1|633582100001760|57|00|1||447|41260263358210000176570010000004471620259464|26022026|27022026|0||3114,00||1|3114,00|3114,00|373,68|||111010001|4101408|4101408|
|D190|000|2353|12,00|3114,00|3114,00|373,68|0||
|D100|0|1|633582100001760|57|00|1||448|41260263358210000176570010000004481710610613|26022026|27022026|0||3178,80||1|3178,80|3178,80|381,46|||111010001|4101408|4101408|
|D190|000|2353|12,00|3178,80|3178,80|381,46|0||
|D100|0|1|633582100001760|57|00|1||449|41260263358210000176570010000004491664477399|26022026|27022026|0||3181,20||1|3181,20|3181,20|381,74|||111010001|4101408|4101408|
|D190|000|2353|12,00|3181,20|3181,20|381,74|0||
|D100|0|1|633582100001760|57|00|1||450|41260263358210000176570010000004501049932285|26022026|27022026|0||3033,60||1|3033,60|3033,60|364,03|||111010001|4101408|4101408|
|D190|000|2353|12,00|3033,60|3033,60|364,03|0||
|D100|0|1|633582100001760|57|00|1||451|41260263358210000176570010000004511249411294|26022026|27022026|0||3026,40||1|3026,40|3026,40|363,17|||111010001|4101408|4101408|
|D190|000|2353|12,00|3026,40|3026,40|363,17|0||
|D100|0|1|633582100001760|57|00|1||452|41260263358210000176570010000004521021446232|26022026|27022026|0||3146,40||1|3146,40|3146,40|377,57|||111010001|4101408|4101408|
|D190|000|2353|12,00|3146,40|3146,40|377,57|0||
|D100|0|1|633582100001760|57|00|1||453|41260263358210000176570010000004531396019733|26022026|27022026|0||3072,00||1|3072,00|3072,00|368,64|||111010001|4101408|4101408|
|D190|000|2353|12,00|3072,00|3072,00|368,64|0||
|D100|0|1|633582100001760|57|00|1||454|41260263358210000176570010000004541362853207|26022026|27022026|0||3042,00||1|3042,00|3042,00|365,04|||111010001|4101408|4101408|
|D190|000|2353|12,00|3042,00|3042,00|365,04|0||
|D100|0|1|633582100001760|57|00|1||455|41260263358210000176570010000004551502567748|26022026|27022026|0||3135,60||1|3135,60|3135,60|376,27|||111010001|4101408|4101408|
|D190|000|2353|12,00|3135,60|3135,60|376,27|0||
|D100|0|1|633582100001760|57|00|1||456|41260263358210000176570010000004561164312565|26022026|27022026|0||3014,40||1|3014,40|3014,40|361,73|||111010001|4101408|4101408|
|D190|000|2353|12,00|3014,40|3014,40|361,73|0||
|D100|0|1|633582100001760|57|00|1||457|41260263358210000176570010000004571740366671|26022026|27022026|0||3015,60||1|3015,60|3015,60|361,87|||111010001|4101408|4101408|
|D190|000|2353|12,00|3015,60|3015,60|361,87|0||
|D100|0|1|633582100001760|57|00|1||458|41260263358210000176570010000004581874961768|26022026|27022026|0||3014,40||1|3014,40|3014,40|361,73|||111010001|4101408|4101408|
|D190|000|2353|12,00|3014,40|3014,40|361,73|0||
|D100|0|1|633582100001760|57|00|1||459|41260263358210000176570010000004591528759139|26022026|27022026|0||3080,40||1|3080,40|3080,40|369,65|||111010001|4101408|4101408|
|D190|000|2353|12,00|3080,40|3080,40|369,65|0||
|D100|0|1|633582100001760|57|00|1||460|41260263358210000176570010000004601963557863|26022026|27022026|0||3170,40||1|3170,40|3170,40|380,45|||111010001|4101408|4101408|
|D190|000|2353|12,00|3170,40|3170,40|380,45|0||
|D100|0|1|633582100001760|57|00|1||461|41260263358210000176570010000004611084878201|26022026|27022026|0||3037,20||1|3037,20|3037,20|364,46|||111010001|4101408|4101408|
|D190|000|2353|12,00|3037,20|3037,20|364,46|0||
|D100|0|1|633582100001760|57|00|1||462|41260263358210000176570010000004621027640380|26022026|27022026|0||3050,40||1|3050,40|3050,40|366,05|||111010001|4101408|4101408|
|D190|000|2353|12,00|3050,40|3050,40|366,05|0||
|D100|0|1|633582100001760|57|00|1||463|41260263358210000176570010000004631586701337|26022026|27022026|0||3050,40||1|3050,40|3050,40|366,05|||111010001|4101408|4101408|
|D190|000|2353|12,00|3050,40|3050,40|366,05|0||
|D100|0|1|633582100001760|57|00|1||464|41260263358210000176570010000004641018730520|26022026|27022026|0||3068,40||1|3068,40|3068,40|368,21|||111010001|4101408|4101408|
|D190|000|2353|12,00|3068,40|3068,40|368,21|0||
|D100|0|1|633582100001760|57|00|1||465|41260263358210000176570010000004651047899399|26022026|27022026|0||3106,80||1|3106,80|3106,80|372,82|||111010001|4101408|4101408|
|D190|000|2353|12,00|3106,80|3106,80|372,82|0||
|D100|0|1|633582100001760|57|00|1||466|41260263358210000176570010000004661873655606|26022026|27022026|0||3009,60||1|3009,60|3009,60|361,15|||111010001|4101408|4101408|
|D190|000|2353|12,00|3009,60|3009,60|361,15|0||
|D100|0|1|633582100001760|57|00|1||467|41260263358210000176570010000004671461818963|26022026|27022026|0||3126,00||1|3126,00|3126,00|375,12|||111010001|4101408|4101408|
|D190|000|2353|12,00|3126,00|3126,00|375,12|0||
|D100|0|1|633582100001760|57|00|1||468|41260263358210000176570010000004681271764347|26022026|27022026|0||3092,40||1|3092,40|3092,40|371,09|||111010001|4101408|4101408|
|D190|000|2353|12,00|3092,40|3092,40|371,09|0||
|D100|0|1|633582100001760|57|00|1||472|41260263358210000176570010000004721404389030|26022026|27022026|0||3034,80||1|3034,80|3034,80|364,18|||111010001|4101408|4101408|
|D190|000|2353|12,00|3034,80|3034,80|364,18|0||
|D100|0|1|633582100001760|57|00|1||473|41260263358210000176570010000004731308383554|26022026|27022026|0||3037,20||1|3037,20|3037,20|364,46|||111010001|4101408|4101408|
|D190|000|2353|12,00|3037,20|3037,20|364,46|0||
|D100|0|1|633582100001760|57|00|1||474|41260263358210000176570010000004741937102280|26022026|27022026|0||3073,20||1|3073,20|3073,20|368,78|||111010001|4101408|4101408|
|D190|000|2353|12,00|3073,20|3073,20|368,78|0||
|D100|0|1|633582100001760|57|00|1||475|41260263358210000176570010000004751587942452|26022026|27022026|0||3117,60||1|3117,60|3117,60|374,11|||111010001|4101408|4101408|
|D190|000|2353|12,00|3117,60|3117,60|374,11|0||
|D100|0|1|633582100001760|57|00|1||476|41260263358210000176570010000004761343688457|26022026|27022026|0||3048,00||1|3048,00|3048,00|365,76|||111010001|4101408|4101408|
|D190|000|2353|12,00|3048,00|3048,00|365,76|0||
|D100|0|1|633582100001760|57|00|1||477|41260263358210000176570010000004771276745064|26022026|27022026|0||3099,60||1|3099,60|3099,60|371,95|||111010001|4101408|4101408|
|D190|000|2353|12,00|3099,60|3099,60|371,95|0||
|D100|0|1|633582100001760|57|00|1||478|41260263358210000176570010000004781878741870|26022026|27022026|0||3081,60||1|3081,60|3081,60|369,79|||111010001|4101408|4101408|
|D190|000|2353|12,00|3081,60|3081,60|369,79|0||
|D100|0|1|633582100001760|57|00|1||479|41260263358210000176570010000004791854576940|26022026|27022026|0||3060,00||1|3060,00|3060,00|367,20|||111010001|4101408|4101408|
|D190|000|2353|12,00|3060,00|3060,00|367,20|0||
|D100|0|1|633582100001760|57|00|1||480|41260263358210000176570010000004801440727995|26022026|27022026|0||3009,60||1|3009,60|3009,60|361,15|||111010001|4101408|4101408|
|D190|000|2353|12,00|3009,60|3009,60|361,15|0||
|D100|0|1|633582100001760|57|00|1||481|41260263358210000176570010000004811322788819|26022026|27022026|0||3118,80||1|3118,80|3118,80|374,26|||111010001|4101408|4101408|
|D190|000|2353|12,00|3118,80|3118,80|374,26|0||
|D100|0|1|633582100001760|57|00|1||482|41260263358210000176570010000004821439985174|26022026|27022026|0||3088,80||1|3088,80|3088,80|370,66|||111010001|4101408|4101408|
|D190|000|2353|12,00|3088,80|3088,80|370,66|0||
|D100|0|1|633582100001760|57|00|1||486|41260263358210000176570010000004861232109218|26022026|27022026|0||3105,60||1|3105,60|3105,60|372,67|||111010001|4101408|4101408|
|D190|000|2353|12,00|3105,60|3105,60|372,67|0||
|D100|0|1|633582100001760|57|00|1||487|41260263358210000176570010000004871404192409|26022026|27022026|0||3021,60||1|3021,60|3021,60|362,59|||111010001|4101408|4101408|
|D190|000|2353|12,00|3021,60|3021,60|362,59|0||
|D100|0|1|633582100001760|57|00|1||492|41260263358210000176570010000004921922984000|28022026|28022026|0||6240,00||1|6240,00|6240,00|748,80|||111010001|4101408|4101408|
|D190|000|2353|12,00|6240,00|6240,00|748,80|0||
|D100|0|0|633582100001760|57|00|1||492|41260263358210000176570010000004921922984000|28022026|28022026|0||6240,00||1|6240,00|6240,00|748,80|||111010001|4101408|4101408|
|D190|000|2353|12,00|6240,00|6240,00|748,80|0||
|D500|0|1|025581570518240|22|00|1||12026|04022026|04022026|359,94||359,94||||0,00|0,00||||111010001|1|
|D590|090|1303|0,00|359,94|0,00|0,00|0|0|0||
|D990|540|
|E001|0|
|E100|01022026|28022026|
|E110|1046870,81|0|0,00|0,00|701317,86|0|0,00|0,00|0,00|345552,95|0,00|345552,95|0,00|0|
|E116|000|345552,95|28022026|1015|||||022026|
|E990|5|
|G001|1|
|G990|2|
|H001|0|
|H005|31122025|0,00|01|
|H990|3|
|K001|0|
|K010|2|
|K100|01022026|28022026|
|K990|4|
|1001|0|
|1010|N|N|N|N|N|N|N|N|N|N|N|N|N|
|1990|3|
|9001|0|
|9900|0000|1|
|9900|0001|1|
|9900|0002|0|
|9900|0005|1|
|9900|0015|0|
|9900|0100|1|
|9900|0150|66|
|9900|0190|4|
|9900|0200|38|
|9900|0220|4|
|9900|0400|18|
|9900|0450|0|
|9900|0460|0|
|9900|0990|1|
|9900|B001|1|
|9900|B990|1|
|9900|C001|1|
|9900|C100|605|
|9900|C101|0|
|9900|C170|335|
|9900|C172|0|
|9900|C190|600|
|9900|C500|2|
|9900|C510|0|
|9900|C590|2|
|9900|C990|1|
|9900|D001|1|
|9900|D100|268|
|9900|D190|268|
|9900|D500|1|
|9900|D590|1|
|9900|D990|1|
|9900|E001|1|
|9900|E100|1|
|9900|E110|1|
|9900|E111|0|
|9900|E112|0|
|9900|E113|0|
|9900|E115|0|
|9900|E116|1|
|9900|E500|0|
|9900|E510|0|
|9900|E520|0|
|9900|E530|0|
|9900|E990|1|
|9900|G001|1|
|9900|G990|1|
|9900|H001|1|
|9900|H005|1|
|9900|H010|0|
|9900|H990|1|
|9900|K001|1|
|9900|K010|1|
|9900|K100|1|
|9900|K200|0|
|9900|K990|1|
|9900|1001|1|
|9900|1010|1|
|9900|1100|0|
|9900|1105|0|
|9900|1110|0|
|9900|1400|0|
|9900|1990|1|
|9900|9001|1|
|9900|9900|67|
|9900|9990|1|
|9900|9999|1|
|9990|70|
|9999|2310|
