|0000|020|0|01042026|30042026|HORUS TRANSPORTES E LOGISTICA LTDA|63358210000176||PR|9118284566|4101408|00000||A|0|
|0001|0|
|0005|HORUS TRANSPORTES|86818000|ESTRADA COLONIA ESPERANCA|271|SALA A|GLEBA PIRAPO|4913811960|0000000000|agrohorus1@gmail.com|
|0100|EDSON HASS|79952089953|062105||86800702|RUA|193||CENTRO||||4101408|
|0150|528052559680|ADILSON MIGUEL BETIATE|1058||52805255968|9570458636|4101408||SITIO SAO JOSE|0|ROD. DO MILHO PR. 170|PIRAPO|
|0150|017305500003900|AGRO LUNA COMERCIO DE RACAO LTDA|1058|01730550000390||440065765112|3529203||RUA ALBERTO MASSOLLI|211||CONJUNTO HABITACIONAL JOAO CORDEIRO|
|0150|256844859870|ANTONIO NERIS PEREIRA NETO|1058||25684485987|9571550307|4101408||SITIO SANTA BARBARA|0|ESTRADA GUARAVERA|S.PEDRO DO TAQUARA|
|0150|754058600004570|AUTO ARAPONGAS COMERCIO DE VEICULOS LTDA|1058|75405860000457||9059273881|4101408||AVENIDA MINAS GERAIS|2090||JARDIM APUCARANA|
|0150|057153149090|GISELI DE JESUS DINIZ PIOVEZZAN|1058||05715314909||4114906||RUA SAO FRANCISCO|300||CENTRO|
|0150|627803830001150|HORUS AGRICOLA LTDA|1058|62780383000115||9117457980|4101408||ESTRADA COLONIA ESPERANCA|271||GLEBA PIRAPO|
|0150|165643839910|LUIZ TEIJI TAKAGI|1058||16564383991|9571296508|4101408||SITIO TAKAGI|0|AV. AIRTON SENNA|CONTORNO NORTE|
|0150|274877769720|MAURO KINITI SATO|1058||27487776972|9551686580|4101408||SITIO SATO|0|AVENIDA AIRTON SENNA KM2|CONTORNO NORTE|
|0150|195833570001780|NACIONAL DIESEL PECAS E SERVICOS LTDA|1058|19583357000178||9065763920|4101408||AVENIDA ZILDA SEIXAS AMARAL|1252||PQ INDL ZONA NORTE|
|0150|130139010001600|PAULO DOS SANTOS COSTA|1058|13013901000160||9080308695|4116901||RODOVIA BR 376 KM 136|0|LOTE 58|GLEBA PATRIMONIO CAPELINHA|
|0150|167017160001560|STELLANTIS AUTOMOVEIS BRASIL LTDA.|1058|16701716000156||0671233540032|3106705||AV CONTORNO|3455||PAULO CAMILO|
|0150|308681229040|THEREZA AP. MASTRO LEANDRIN|1058||30868122904|9562789020|4101408||ROD BR 376 KM 230 DIREITA|0||PIRAPO|
|0190|KG|KILOGRAMAS|
|0190|UN|UNIDADES|
|0190|UND|UNIDADES|
|0200|101010001|SOJA EM GRAOS|||KG|00|12019000||12|00.00|0,00||
|0200|101020001|MILHO EM GRAOS|||KG|00|10059010||12|00.00|0,00||
|0200|601010008|VEICULOS NO ADMINISTRATIVO|||UN|08|00000000||87|00.00|0,00||
|0200|903020126|TERMINAL/ PONTEIRA BATERIA/SENSOR/RELE|||UND|07|85369090||87|00.00|0,00||
|0200|903020239|ABRACADEIRA|||UND|07|79070090||87|00.00|0,00||
|0200|904010005|COMBUSTIVEIS E LUBRIFICANTES|||UND|09|00000000|||00.00|0,00||
|0220|KG|1,0000||
|0220|UN|1,0000||
|0220|UND|1,0000||
|0400|11|COMPRAS M.I.PRECO FIXO - PF|
|0400|9112|1653/2653 - COMBUSTIVEL E LUBRIFICANTES - ADM/COMERCIAL|
|0400|9626|1551/2551 - VEICULOS NO ADMINISTRATIVO|
|0400|9630|1556/2556 - MANUTENCAO DE CAMINHOES C/ CREDITO|
|0400|166|1102/2102 - COMPRAS ICMS 100% C/ PIS E COFINS|
|0990|34|
|B001|1|
|B990|2|
|C001|0|
|C100|0|0|017305500003900|55|00|1|1558|35260401730550000390550010000015581003727926|29042026|30042026|53200,00|1|0,00||53200,00|1|0,00|0,00||53200,00|6384,00|0,00|0,00|0,00|877,80|4043,20|||
|C170|1|101020001|MILHO EM GRAOS|53200,0000|KG|53200,00|0,00|0|000|2102|166|53200,00|12,00|6384,00|0,00|0,00|0,00|0|||0,00|0,00|0,00|56|53200,00|1,6500|0,00|0,0000|877,80|56|53200,00|7,6000|0,00|0,0000|4043,20||0,00|
|C190|000|2102|12,00|53200,00|53200,00|6384,00|0,00|0,00|0|00,00||
|C100|0|0|017305500003900|55|00|1|1559|35260401730550000390550010000015591003727923|29042026|30042026|52100,00|1|0,00||52100,00|1|0,00|0,00||52100,00|6252,00|0,00|0,00|0,00|859,65|3959,60|||
|C170|1|101020001|MILHO EM GRAOS|52100,0000|KG|52100,00|0,00|0|000|2102|166|52100,00|12,00|6252,00|0,00|0,00|0,00|0|||0,00|0,00|0,00|56|52100,00|1,6500|0,00|0,0000|859,65|56|52100,00|7,6000|0,00|0,0000|3959,60||0,00|
|C190|000|2102|12,00|52100,00|52100,00|6252,00|0,00|0,00|0|00,00||
|C100|0|0|017305500003900|55|00|1|1560|35260401730550000390550010000015601003727924|29042026|30042026|52000,00|1|0,00||52000,00|1|0,00|0,00||52000,00|6240,00|0,00|0,00|0,00|858,00|3952,00|||
|C170|1|101020001|MILHO EM GRAOS|52000,0000|KG|52000,00|0,00|0|000|2102|166|52000,00|12,00|6240,00|0,00|0,00|0,00|0|||0,00|0,00|0,00|56|52000,00|1,6500|0,00|0,0000|858,00|56|52000,00|7,6000|0,00|0,0000|3952,00||0,00|
|C190|000|2102|12,00|52000,00|52000,00|6240,00|0,00|0,00|0|00,00||
|C100|0|0|017305500003900|55|00|1|1561|35260401730550000390550010000015611003727921|29042026|30042026|53050,00|1|0,00||53050,00|1|0,00|0,00||53050,00|6366,00|0,00|0,00|0,00|875,33|4031,80|||
|C170|1|101020001|MILHO EM GRAOS|53050,0000|KG|53050,00|0,00|0|000|2102|166|53050,00|12,00|6366,00|0,00|0,00|0,00|0|||0,00|0,00|0,00|56|53050,00|1,6500|0,00|0,0000|875,33|56|53050,00|7,6000|0,00|0,0000|4031,80||0,00|
|C190|000|2102|12,00|53050,00|53050,00|6366,00|0,00|0,00|0|00,00||
|C100|0|0|017305500003900|55|00|1|1562|35260401730550000390550010000015621003727929|29042026|30042026|52350,00|1|0,00||52350,00|1|0,00|0,00||52350,00|6282,00|0,00|0,00|0,00|863,78|3978,60|||
|C170|1|101020001|MILHO EM GRAOS|52350,0000|KG|52350,00|0,00|0|000|2102|166|52350,00|12,00|6282,00|0,00|0,00|0,00|0|||0,00|0,00|0,00|56|52350,00|1,6500|0,00|0,0000|863,78|56|52350,00|7,6000|0,00|0,0000|3978,60||0,00|
|C190|000|2102|12,00|52350,00|52350,00|6282,00|0,00|0,00|0|00,00||
|C100|0|0|017305500003900|55|00|1|1563|35260401730550000390550010000015631003727926|29042026|30042026|52300,00|1|0,00||52300,00|1|0,00|0,00||52300,00|6276,00|0,00|0,00|0,00|862,95|3974,80|||
|C170|1|101020001|MILHO EM GRAOS|52300,0000|KG|52300,00|0,00|0|000|2102|166|52300,00|12,00|6276,00|0,00|0,00|0,00|0|||0,00|0,00|0,00|56|52300,00|1,6500|0,00|0,0000|862,95|56|52300,00|7,6000|0,00|0,0000|3974,80||0,00|
|C190|000|2102|12,00|52300,00|52300,00|6276,00|0,00|0,00|0|00,00||
|C100|1|1|057153149090|55|00|1|174|41260463358210000176550010000001741343112384|08042026|08042026|59500,00|1|0,00||59500,00|0|0,00|0,00||0,00|0,00|0,00|0,00|0,00|0,00|0,00|||
|C190|041|5551|0,00|59500,00|0,00|0,00|0,00|0,00|0|00,00||
|C100|1|1|130139010001600|55|00|1|182|41260463358210000176550010000001821419192601|30042026|30042026|53643,33|1|0,00||53643,33|0|0,00|0,00||0,00|0,00|0,00|0,00|0,00|0,00|0,00|||
|C190|051|5102|0,00|53643,33|0,00|0,00|0,00|0,00|0|00,00||
|C100|1|1|130139010001600|55|00|1|183|41260463358210000176550010000001831094683439|30042026|30042026|52534,17|1|0,00||52534,17|0|0,00|0,00||0,00|0,00|0,00|0,00|0,00|0,00|0,00|||
|C190|051|5102|0,00|52534,17|0,00|0,00|0,00|0,00|0|00,00||
|C100|1|1|130139010001600|55|00|1|184|41260463358210000176550010000001841052286161|30042026|30042026|52433,33|1|0,00||52433,33|0|0,00|0,00||0,00|0,00|0,00|0,00|0,00|0,00|0,00|||
|C190|051|5102|0,00|52433,33|0,00|0,00|0,00|0,00|0|00,00||
|C100|1|1|130139010001600|55|00|1|185|41260463358210000176550010000001851388107308|30042026|30042026|53492,08|1|0,00||53492,08|0|0,00|0,00||0,00|0,00|0,00|0,00|0,00|0,00|0,00|||
|C190|051|5102|0,00|53492,08|0,00|0,00|0,00|0,00|0|00,00||
|C100|1|1|130139010001600|55|00|1|186|41260463358210000176550010000001861180232255|30042026|30042026|52786,25|1|0,00||52786,25|0|0,00|0,00||0,00|0,00|0,00|0,00|0,00|0,00|0,00|||
|C190|051|5102|0,00|52786,25|0,00|0,00|0,00|0,00|0|00,00||
|C100|1|1|130139010001600|55|00|1|187|41260463358210000176550010000001871524368389|30042026|30042026|52735,84|1|0,00||52735,84|0|0,00|0,00||0,00|0,00|0,00|0,00|0,00|0,00|0,00|||
|C190|051|5102|0,00|52735,84|0,00|0,00|0,00|0,00|0|00,00||
|C100|0|0|165643839910|55|00|26|130420001|41260400016564383991550261304200013761075888|13042026|14042026|8164,80|1|0,00||8164,80|0|0,00|0,00||0,00|0,00|0,00|0,00|0,00|0,00|0,00|||
|C170|1|101010001|SOJA EM GRAOS|4320,0000|KG|8164,80|0,00|0|051|1102|11|0,00|0,00|0,00|0,00|0,00|0,00|0|||0,00|0,00|0,00|72|0,00|0,0000|0,00|0,0000|0,00|72|0,00|0,0000|0,00|0,0000|0,00||0,00|
|C190|051|1102|0,00|8164,80|0,00|0,00|0,00|0,00|0|00,00||
|C100|1|1||55|02|1|179|41260463358210000176550010000001791082802656|||||||||||||||||||||
|C100|1|1|165643839910|55|06|1|181|41260463358210000176550010000001811151322067|14042026|14042026|28,80|1|0,00||28,80|0|0,00|0,00||0,00|0,00|0,00|0,00|0,00|0,00|0,00|||
|C190|051|5202|0,00|28,80|0,00|0,00|0,00|0,00|0|00,00||
|C100|0|0|167017160001560|55|00|25|8297842|31260416701716000156550250082978421966190713|02042026|14042026|96619,60|1|0,00||96619,60|0|0,00|0,00||0,00|0,00|0,00|0,00|1403,89|0,00|0,00|||
|C170|1|601010008|VEICULOS NO ADMINISTRATIVO|3,0000|UN|95215,71|0,00|1|090|2551|9626|0,00|0,00|0,00|0,00|0,00|0,00|0|||95215,71|1,47|1403,89|70|0,00|0,0000|0,00|0,0000|0,00|70|0,00|0,0000|0,00|0,0000|0,00||0,00|
|C190|090|2551|0,00|96619,60|0,00|0,00|0,00|0,00|0|01403,89||
|C100|0|0|195833570001780|55|00|1|7904|41260419583357000178550010000079041917692910|14042026|16042026|13,00|1|0,00||13,00|0|0,00|0,00||0,00|0,00|0,00|0,00|0,00|0,21|0,99|||
|C170|1|903020126|TERMINAL/ PONTEIRA BATERIA/SENSOR/RELE|1,0000|UND|2,50|0,00|1|090|1556|9630|0,00|0,00|0,00|0,00|0,00|0,00|0|||0,00|0,00|0,00|56|2,50|1,6500|0,00|0,0000|0,04|56|2,50|7,6000|0,00|0,0000|0,19||0,00|
|C170|2|903020239|ABRACADEIRA|7,0000|UND|10,50|0,00|1|090|1556|9630|0,00|0,00|0,00|0,00|0,00|0,00|0|||0,00|0,00|0,00|56|10,50|1,6500|0,00|0,0000|0,17|56|10,50|7,6000|0,00|0,0000|0,80||0,00|
|C190|090|1556|0,00|13,00|0,00|0,00|0,00|0,00|0|00,00||
|C100|0|0|256844859870|55|00|26|90420001|41260400025684485987550260904200013757380440|09042026|10042026|36855,00|1|0,00||36855,00|0|0,00|0,00||0,00|0,00|0,00|0,00|0,00|0,00|0,00|||
|C170|1|101010001|SOJA EM GRAOS|19500,0000|KG|36855,00|0,00|0|051|1102|11|0,00|0,00|0,00|0,00|0,00|0,00|0|||0,00|0,00|0,00|72|0,00|0,0000|0,00|0,0000|0,00|72|0,00|0,0000|0,00|0,0000|0,00||0,00|
|C190|051|1102|0,00|36855,00|0,00|0,00|0,00|0,00|0|00,00||
|C100|1|1|256844859870|55|06|1|176|41260463358210000176550010000001761245262602|10042026|10042026|130,00|1|0,00||130,00|0|0,00|0,00||0,00|0,00|0,00|0,00|0,00|0,00|0,00|||
|C190|051|5202|0,00|130,00|0,00|0,00|0,00|0,00|0|00,00||
|C100|0|0|274877769720|55|00|26|80420001|41260400027487776972550260804200013756568333|08042026|08042026|4488,00|1|0,00||4488,00|0|0,00|0,00||0,00|0,00|0,00|0,00|0,00|0,00|0,00|||
|C170|1|101010001|SOJA EM GRAOS|2400,0000|KG|4488,00|0,00|0|051|1102|11|0,00|0,00|0,00|0,00|0,00|0,00|0|||0,00|0,00|0,00|72|0,00|0,0000|0,00|0,0000|0,00|72|0,00|0,0000|0,00|0,0000|0,00||0,00|
|C190|051|1102|0,00|4488,00|0,00|0,00|0,00|0,00|0|00,00||
|C100|1|1|274877769720|55|06|1|172|41260463358210000176550010000001721111441635|08042026|08042026|8,00|1|0,00||8,00|0|0,00|0,00||0,00|0,00|0,00|0,00|0,00|0,00|0,00|||
|C190|051|5202|0,00|8,00|0,00|0,00|0,00|0,00|0|00,00||
|C100|0|0|308681229040|55|00|26|70420001|41260400030868122904550260704200013755805084|07042026|08042026|11400,00|1|0,00||11400,00|0|0,00|0,00||0,00|0,00|0,00|0,00|0,00|0,00|0,00|||
|C170|1|101010001|SOJA EM GRAOS|6000,0000|KG|11400,00|0,00|0|051|1102|11|0,00|0,00|0,00|0,00|0,00|0,00|0|||0,00|0,00|0,00|72|0,00|0,0000|0,00|0,0000|0,00|72|0,00|0,0000|0,00|0,0000|0,00||0,00|
|C190|051|1102|0,00|11400,00|0,00|0,00|0,00|0,00|0|00,00||
|C100|0|0|528052559680|55|00|26|60420001|41260400052805255968550260604200013755041213|06042026|08042026|14400,00|1|0,00||14400,00|0|0,00|0,00||0,00|0,00|0,00|0,00|0,00|0,00|0,00|||
|C170|1|101010001|SOJA EM GRAOS|7500,0000|KG|14400,00|0,00|0|051|1102|11|0,00|0,00|0,00|0,00|0,00|0,00|0|||0,00|0,00|0,00|72|0,00|0,0000|0,00|0,0000|0,00|72|0,00|0,0000|0,00|0,0000|0,00||0,00|
|C190|051|1102|0,00|14400,00|0,00|0,00|0,00|0,00|0|00,00||
|C100|1|1|528052559680|55|06|1|170|41260463358210000176550010000001701045045108|08042026|08042026|25,00|1|0,00||25,00|0|0,00|0,00||0,00|0,00|0,00|0,00|0,00|0,00|0,00|||
|C190|051|5202|0,00|25,00|0,00|0,00|0,00|0,00|0|00,00||
|C100|1|1|627803830001150|55|00|1|171|41260463358210000176550010000001711784305131|08042026|08042026|26100,00|1|0,00||26100,00|1|0,00|0,00||0,00|0,00|0,00|0,00|0,00|0,00|0,00|||
|C190|051|5102|0,00|26100,00|0,00|0,00|0,00|0,00|0|00,00||
|C100|1|1|627803830001150|55|00|1|173|41260463358210000176550010000001731100526763|08042026|08042026|4520,00|1|0,00||4520,00|1|0,00|0,00||0,00|0,00|0,00|0,00|0,00|0,00|0,00|||
|C190|051|5102|0,00|4520,00|0,00|0,00|0,00|0,00|0|00,00||
|C100|1|1|627803830001150|55|00|1|175|41260463358210000176550010000001751396516118|09042026|09042026|84400,00|1|0,00||84400,00|0|0,00|0,00||0,00|0,00|0,00|0,00|0,00|0,00|0,00|||
|C190|051|5102|0,00|84400,00|0,00|0,00|0,00|0,00|0|00,00||
|C100|1|1|627803830001150|55|00|1|177|41260463358210000176550010000001771423612407|10042026|10042026|37050,00|1|0,00||37050,00|0|0,00|0,00||0,00|0,00|0,00|0,00|0,00|0,00|0,00|||
|C190|051|5102|0,00|37050,00|0,00|0,00|0,00|0,00|0|00,00||
|C100|1|1|627803830001150|55|00|1|178|41260463358210000176550010000001781452879120|10042026|10042026|84320,00|1|0,00||84320,00|0|0,00|0,00||0,00|0,00|0,00|0,00|0,00|0,00|0,00|||
|C190|051|5102|0,00|84320,00|0,00|0,00|0,00|0,00|0|00,00||
|C100|1|1|627803830001150|55|00|1|180|41260463358210000176550010000001801688228325|14042026|14042026|8208,00|1|0,00||8208,00|0|0,00|0,00||0,00|0,00|0,00|0,00|0,00|0,00|0,00|||
|C190|051|5102|0,00|8208,00|0,00|0,00|0,00|0,00|0|00,00||
|C100|0|0|754058600004570|55|00|0|71724|41260475405860000457550000000717241259877909|08042026|10042026|320,00|1|24,16||344,16|0|0,00|0,00||0,00|0,00|0,00|0,00|0,00|0,00|0,00|||
|C170|1|904010005|COMBUSTIVEIS E LUBRIFICANTES|4,0000|UND|273,00|19,16|1|090|1653|9112|0,00|0,00|0,00|0,00|0,00|0,00|0|||0,00|0,00|0,00|70|0,00|0,0000|0,00|0,0000|0,00|70|0,00|0,0000|0,00|0,0000|0,00||0,00|
|C170|2|904010005|COMBUSTIVEIS E LUBRIFICANTES|1,0000|UND|71,16|5,00|1|090|1653|9112|0,00|0,00|0,00|0,00|0,00|0,00|0|||0,00|0,00|0,00|70|0,00|0,0000|0,00|0,0000|0,00|70|0,00|0,0000|0,00|0,0000|0,00||0,00|
|C190|090|1653|0,00|320,00|0,00|0,00|0,00|0,00|0|00,00||
|C990|81|
|D001|0|
|D100|1|1|627803830001150|57|00|1||998|41260463358210000176570010000009981644793855|01042026|01042026|0||7330,80||1|7330,80|7330,80|879,70|||111010001|4101408|4101408|
|D190|000|6353|12,00|7330,80|7330,80|879,70|0||
|D100|1|1|627803830001150|57|00|1||999|41260463358210000176570010000009991252600467|01042026|01042026|0||6305,80||1|6305,80|6305,80|756,70|||111010001|4101408|4101408|
|D190|000|6353|12,00|6305,80|6305,80|756,70|0||
|D100|1|1|627803830001150|57|00|1||1000|41260463358210000176570010000010001019974433|01042026|01042026|0||6345,60||1|6345,60|6345,60|761,47|||111010001|4101408|4101408|
|D190|000|6353|12,00|6345,60|6345,60|761,47|0||
|D100|1|1|627803830001150|57|00|1||1001|41260463358210000176570010000010011727916110|01042026|01042026|0||6064,00||1|6064,00|6064,00|727,68|||111010001|4101408|4101408|
|D190|000|6353|12,00|6064,00|6064,00|727,68|0||
|D100|1|1|627803830001150|57|00|1||1002|41260463358210000176570010000010021774127795|01042026|01042026|0||6051,20||1|6051,20|6051,20|726,14|||111010001|4101408|4101408|
|D190|000|6353|12,00|6051,20|6051,20|726,14|0||
|D100|1|0|627803830001150|57|00|1||1003|41260463358210000176570010000010031446572560|01042026|01042026|0||7649,40||1|7649,40|7649,40|917,93|||111010001|4101408|4101408|
|D190|000|6353|12,00|7649,40|7649,40|917,93|0||
|D100|1|1|627803830001150|57|00|1||1004|41260463358210000176570010000010041074176925|01042026|01042026|0||8134,40||1|8134,40|8134,40|976,13|||111010001|4101408|4101408|
|D190|000|6353|12,00|8134,40|8134,40|976,13|0||
|D100|1|1|627803830001150|57|00|1||1006|41260463358210000176570010000010061933627850|01042026|01042026|0||7444,20||1|7444,20|7444,20|893,30|||111010001|4101408|4101408|
|D190|000|6353|12,00|7444,20|7444,20|893,30|0||
|D100|1|1|627803830001150|57|00|1||1007|41260463358210000176570010000010071533609496|01042026|01042026|0||5200,00||1|5200,00|5200,00|624,00|||111010001|4101408|4101408|
|D190|000|6353|12,00|5200,00|5200,00|624,00|0||
|D100|1|1|627803830001150|57|00|1||1008|41260463358210000176570010000010081292752633|01042026|01042026|0||5200,00||1|5200,00|5200,00|624,00|||111010001|4101408|4101408|
|D190|000|6353|12,00|5200,00|5200,00|624,00|0||
|D100|1|1|627803830001150|57|00|1||1009|41260463358210000176570010000010091983511947|01042026|01042026|0||5668,60||1|5668,60|5668,60|680,23|||111010001|4101408|4101408|
|D190|000|6353|12,00|5668,60|5668,60|680,23|0||
|D100|1|1|627803830001150|57|00|1||1010|41260463358210000176570010000010101169425156|01042026|01042026|0||5632,20||1|5632,20|5632,20|675,86|||111010001|4101408|4101408|
|D190|000|6353|12,00|5632,20|5632,20|675,86|0||
|D100|1|1|627803830001150|57|00|1||1011|41260463358210000176570010000010111442363292|01042026|01042026|0||5415,20||1|5415,20|5415,20|649,82|||111010001|4101408|4101408|
|D190|000|6353|12,00|5415,20|5415,20|649,82|0||
|D100|1|1|627803830001150|57|00|1||1012|41260463358210000176570010000010121864875630|01042026|01042026|0||5269,60||1|5269,60|5269,60|632,35|||111010001|4101408|4101408|
|D190|000|6353|12,00|5269,60|5269,60|632,35|0||
|D100|1|1|627803830001150|57|00|1||1013|41260463358210000176570010000010131723792809|02042026|02042026|0||7900,20||1|7900,20|7900,20|948,02|||111010001|4101408|4101408|
|D190|000|6353|12,00|7900,20|7900,20|948,02|0||
|D100|1|1|627803830001150|57|00|1||1014|41260463358210000176570010000010141483286855|02042026|02042026|0||6745,00||1|6745,00|6745,00|809,40|||111010001|4101408|4101408|
|D190|000|6353|12,00|6745,00|6745,00|809,40|0||
|D100|1|1|627803830001150|57|00|1||1015|41260463358210000176570010000010151641629593|02042026|02042026|0||5423,60||1|5423,60|5423,60|650,83|||111010001|4101408|4101408|
|D190|000|6353|12,00|5423,60|5423,60|650,83|0||
|D100|1|1|627803830001150|57|00|1||1016|41260463358210000176570010000010161475538764|02042026|02042026|0||8216,00||1|8216,00|8216,00|985,92|||111010001|4101408|4101408|
|D190|000|6353|12,00|8216,00|8216,00|985,92|0||
|D100|1|1|627803830001150|57|00|1||1017|41260463358210000176570010000010171046650861|02042026|02042026|0||7771,00||1|7771,00|7771,00|932,52|||111010001|4101408|4101408|
|D190|000|6353|12,00|7771,00|7771,00|932,52|0||
|D100|1|1|627803830001150|57|00|1||1018|41260463358210000176570010000010181438646731|02042026|02042026|0||5200,00||1|5200,00|5200,00|624,00|||111010001|4101408|4101408|
|D190|000|6353|12,00|5200,00|5200,00|624,00|0||
|D100|1|1|627803830001150|57|00|1||1019|41260463358210000176570010000010191804019020|04042026|04042026|0||7600,00||1|7600,00|7600,00|912,00|||111010001|4101408|4101408|
|D190|000|6353|12,00|7600,00|7600,00|912,00|0||
|D100|1|1|627803830001150|57|00|1||1020|41260463358210000176570010000010201423665326|04042026|04042026|0||7318,80||1|7318,80|7318,80|878,26|||111010001|4101408|4101408|
|D190|000|6353|12,00|7318,80|7318,80|878,26|0||
|D100|1|1|627803830001150|57|00|1||1021|41260463358210000176570010000010211076675946|04042026|04042026|0||9659,60||1|9659,60|9659,60|1159,15|||111010001|4101408|4101408|
|D190|000|6353|12,00|9659,60|9659,60|1159,15|0||
|D100|1|1|627803830001150|57|00|1||1022|41260463358210000176570010000010221182804778|06042026|06042026|0||7615,20||1|7615,20|7615,20|913,82|||111010001|4101408|4101408|
|D190|000|6353|12,00|7615,20|7615,20|913,82|0||
|D100|1|1|627803830001150|57|00|1||1023|41260463358210000176570010000010231989482026|06042026|06042026|0||2878,20||1|2878,20|2878,20|345,38|||111010001|4101408|4101408|
|D190|000|6353|12,00|2878,20|2878,20|345,38|0||
|D100|1|1|627803830001150|57|00|1||1024|41260463358210000176570010000010241923870114|06042026|06042026|0||7474,60||1|7474,60|7474,60|896,95|||111010001|4101408|4101408|
|D190|000|6353|12,00|7474,60|7474,60|896,95|0||
|D100|1|1|627803830001150|57|00|1||1025|41260463358210000176570010000010251111174196|07042026|07042026|0||7402,40||1|7402,40|7402,40|888,29|||111010001|4101408|4101408|
|D190|000|6353|12,00|7402,40|7402,40|888,29|0||
|D100|1|1|627803830001150|57|00|1||1026|41260463358210000176570010000010261613781320|07042026|07042026|0||6959,52||1|6959,52|6959,52|835,14|||111010001|4101408|4101408|
|D190|000|6353|12,00|6959,52|6959,52|835,14|0||
|D100|1|1|627803830001150|57|00|1||1027|41260463358210000176570010000010271479247938|07042026|07042026|0||3189,60||1|3189,60|0,00|0,00|||111010001|4101408|4101408|
|D190|090|6932|0,00|3189,60|0,00|0,00|0||
|D100|1|1|627803830001150|57|00|1||1028|41260463358210000176570010000010281786132302|07042026|07042026|0||3159,60||1|3159,60|0,00|0,00|||111010001|4101408|4101408|
|D190|090|6932|0,00|3159,60|0,00|0,00|0||
|D100|1|1|627803830001150|57|00|1||1029|41260463358210000176570010000010291790716426|07042026|07042026|0||3139,20||1|3139,20|0,00|0,00|||111010001|4101408|4101408|
|D190|090|6932|0,00|3139,20|0,00|0,00|0||
|D100|1|1|627803830001150|57|00|1||1030|41260463358210000176570010000010301088471908|07042026|07042026|0||3183,60||1|3183,60|0,00|0,00|||111010001|4101408|4101408|
|D190|090|6932|0,00|3183,60|0,00|0,00|0||
|D100|1|1|627803830001150|57|00|1||1031|41260463358210000176570010000010311353819676|07042026|07042026|0||3187,20||1|3187,20|0,00|0,00|||111010001|4101408|4101408|
|D190|090|6932|0,00|3187,20|0,00|0,00|0||
|D100|1|1|627803830001150|57|00|1||1032|41260463358210000176570010000010321028171333|07042026|07042026|0||3222,00||1|3222,00|0,00|0,00|||111010001|4101408|4101408|
|D190|090|6932|0,00|3222,00|0,00|0,00|0||
|D100|1|1|627803830001150|57|00|1||1033|41260463358210000176570010000010331424465817|07042026|07042026|0||3180,00||1|3180,00|0,00|0,00|||111010001|4101408|4101408|
|D190|090|6932|0,00|3180,00|0,00|0,00|0||
|D100|1|1|627803830001150|57|00|1||1034|41260463358210000176570010000010341080556555|07042026|07042026|0||3136,80||1|3136,80|0,00|0,00|||111010001|4101408|4101408|
|D190|090|6932|0,00|3136,80|0,00|0,00|0||
|D100|1|1|627803830001150|57|00|1||1035|41260463358210000176570010000010351522186399|07042026|07042026|0||3237,60||1|3237,60|0,00|0,00|||111010001|4101408|4101408|
|D190|090|6932|0,00|3237,60|0,00|0,00|0||
|D100|1|1|627803830001150|57|00|1||1036|41260463358210000176570010000010361222654971|07042026|07042026|0||3134,40||1|3134,40|0,00|0,00|||111010001|4101408|4101408|
|D190|090|6932|0,00|3134,40|0,00|0,00|0||
|D100|1|1|627803830001150|57|00|1||1037|41260463358210000176570010000010371390627894|07042026|07042026|0||3206,40||1|3206,40|0,00|0,00|||111010001|4101408|4101408|
|D190|090|6932|0,00|3206,40|0,00|0,00|0||
|D100|1|1|627803830001150|57|00|1||1038|41260463358210000176570010000010381792425711|07042026|07042026|0||3217,20||1|3217,20|0,00|0,00|||111010001|4101408|4101408|
|D190|090|6932|0,00|3217,20|0,00|0,00|0||
|D100|1|1|627803830001150|57|00|1||1039|41260463358210000176570010000010391970448477|07042026|07042026|0||3171,60||1|3171,60|0,00|0,00|||111010001|4101408|4101408|
|D190|090|6932|0,00|3171,60|0,00|0,00|0||
|D100|1|1|627803830001150|57|00|1||1040|41260463358210000176570010000010401199153340|07042026|07042026|0||3166,80||1|3166,80|0,00|0,00|||111010001|4101408|4101408|
|D190|090|6932|0,00|3166,80|0,00|0,00|0||
|D100|1|1|627803830001150|57|00|1||1041|41260463358210000176570010000010411666288439|07042026|07042026|0||3144,00||1|3144,00|0,00|0,00|||111010001|4101408|4101408|
|D190|090|6932|0,00|3144,00|0,00|0,00|0||
|D100|1|1|627803830001150|57|00|1||1042|41260463358210000176570010000010421823265705|07042026|07042026|0||3157,20||1|3157,20|0,00|0,00|||111010001|4101408|4101408|
|D190|090|6932|0,00|3157,20|0,00|0,00|0||
|D100|1|1|627803830001150|57|00|1||1043|41260463358210000176570010000010431846960717|07042026|07042026|0||3138,00||1|3138,00|0,00|0,00|||111010001|4101408|4101408|
|D190|090|6932|0,00|3138,00|0,00|0,00|0||
|D100|1|1|627803830001150|57|00|1||1044|41260463358210000176570010000010441609801957|07042026|07042026|0||3218,40||1|3218,40|0,00|0,00|||111010001|4101408|4101408|
|D190|090|6932|0,00|3218,40|0,00|0,00|0||
|D100|1|1|627803830001150|57|00|1||1045|41260463358210000176570010000010451655938320|07042026|07042026|0||3240,00||1|3240,00|0,00|0,00|||111010001|4101408|4101408|
|D190|090|6932|0,00|3240,00|0,00|0,00|0||
|D100|1|1|627803830001150|57|00|1||1046|41260463358210000176570010000010461305854397|07042026|07042026|0||7478,40||1|7478,40|7478,40|897,41|||111010001|4101408|4101408|
|D190|000|6353|12,00|7478,40|7478,40|897,41|0||
|D100|1|1|627803830001150|57|00|1||1047|41260463358210000176570010000010471124283565|07042026|07042026|0||3194,40||1|3194,40|0,00|0,00|||111010001|4101408|4101408|
|D190|090|6932|0,00|3194,40|0,00|0,00|0||
|D100|1|1|627803830001150|57|00|1||1048|41260463358210000176570010000010481953126032|08042026|08042026|0||3142,80||1|3142,80|0,00|0,00|||111010001|4101408|4101408|
|D190|090|6932|0,00|3142,80|0,00|0,00|0||
|D100|1|1|627803830001150|57|00|1||1049|41260463358210000176570010000010491859793966|08042026|08042026|0||3142,80||1|3142,80|0,00|0,00|||111010001|4101408|4101408|
|D190|090|6932|0,00|3142,80|0,00|0,00|0||
|D100|1|1|627803830001150|57|00|1||1050|41260463358210000176570010000010501887838295|08042026|08042026|0||3126,00||1|3126,00|0,00|0,00|||111010001|4101408|4101408|
|D190|090|6932|0,00|3126,00|0,00|0,00|0||
|D100|1|1|627803830001150|57|00|1||1051|41260463358210000176570010000010511660580258|08042026|08042026|0||3172,80||1|3172,80|0,00|0,00|||111010001|4101408|4101408|
|D190|090|6932|0,00|3172,80|0,00|0,00|0||
|D100|1|1|627803830001150|57|00|1||1052|41260463358210000176570010000010521800953520|08042026|08042026|0||3156,00||1|3156,00|0,00|0,00|||111010001|4101408|4101408|
|D190|090|6932|0,00|3156,00|0,00|0,00|0||
|D100|1|1|627803830001150|57|00|1||1053|41260463358210000176570010000010531896074520|08042026|08042026|0||3142,80||1|3142,80|0,00|0,00|||111010001|4101408|4101408|
|D190|090|6932|0,00|3142,80|0,00|0,00|0||
|D100|1|1|627803830001150|57|00|1||1054|41260463358210000176570010000010541832021415|08042026|08042026|0||3213,60||1|3213,60|0,00|0,00|||111010001|4101408|4101408|
|D190|090|6932|0,00|3213,60|0,00|0,00|0||
|D100|1|1|627803830001150|57|00|1||1055|41260463358210000176570010000010551179640183|08042026|08042026|0||3164,40||1|3164,40|0,00|0,00|||111010001|4101408|4101408|
|D190|090|6932|0,00|3164,40|0,00|0,00|0||
|D100|1|1|627803830001150|57|00|1||1056|41260463358210000176570010000010561859853998|08042026|08042026|0||3163,20||1|3163,20|0,00|0,00|||111010001|4101408|4101408|
|D190|090|6932|0,00|3163,20|0,00|0,00|0||
|D100|1|1|627803830001150|57|00|1||1057|41260463358210000176570010000010571524732975|08042026|08042026|0||3212,40||1|3212,40|0,00|0,00|||111010001|4101408|4101408|
|D190|090|6932|0,00|3212,40|0,00|0,00|0||
|D100|1|1|627803830001150|57|00|1||1058|41260463358210000176570010000010581353975752|08042026|08042026|0||3193,20||1|3193,20|0,00|0,00|||111010001|4101408|4101408|
|D190|090|6932|0,00|3193,20|0,00|0,00|0||
|D100|1|1|627803830001150|57|00|1||1059|41260463358210000176570010000010591253551427|08042026|08042026|0||3160,80||1|3160,80|0,00|0,00|||111010001|4101408|4101408|
|D190|090|6932|0,00|3160,80|0,00|0,00|0||
|D100|1|1|627803830001150|57|00|1||1060|41260463358210000176570010000010601711063963|08042026|08042026|0||3225,60||1|3225,60|0,00|0,00|||111010001|4101408|4101408|
|D190|090|6932|0,00|3225,60|0,00|0,00|0||
|D100|1|1|627803830001150|57|00|1||1061|41260463358210000176570010000010611544311781|08042026|08042026|0||3122,40||1|3122,40|0,00|0,00|||111010001|4101408|4101408|
|D190|090|6932|0,00|3122,40|0,00|0,00|0||
|D100|1|1|627803830001150|57|00|1||1062|41260463358210000176570010000010621786784662|08042026|08042026|0||3240,00||1|3240,00|0,00|0,00|||111010001|4101408|4101408|
|D190|090|6932|0,00|3240,00|0,00|0,00|0||
|D100|1|1|627803830001150|57|00|1||1063|41260463358210000176570010000010631989932256|08042026|08042026|0||3211,20||1|3211,20|0,00|0,00|||111010001|4101408|4101408|
|D190|090|6932|0,00|3211,20|0,00|0,00|0||
|D100|1|1|627803830001150|57|00|1||1064|41260463358210000176570010000010641506489244|08042026|08042026|0||3127,20||1|3127,20|0,00|0,00|||111010001|4101408|4101408|
|D190|090|6932|0,00|3127,20|0,00|0,00|0||
|D100|1|1|627803830001150|57|00|1||1065|41260463358210000176570010000010651335145810|08042026|08042026|0||3217,20||1|3217,20|0,00|0,00|||111010001|4101408|4101408|
|D190|090|6932|0,00|3217,20|0,00|0,00|0||
|D100|1|1|627803830001150|57|00|1||1066|41260463358210000176570010000010661484935888|08042026|08042026|0||5629,40||1|5629,40|5629,40|675,53|||111010001|4101408|4101408|
|D190|000|6353|12,00|5629,40|5629,40|675,53|0||
|D100|1|1|627803830001150|57|00|1||1068|41260463358210000176570010000010681684121706|08042026|08042026|0||6064,00||1|6064,00|6064,00|727,68|||111010001|4101408|4101408|
|D190|000|6353|12,00|6064,00|6064,00|727,68|0||
|D100|1|1|627803830001150|57|00|1||1069|41260463358210000176570010000010691736993439|08042026|08042026|0||6348,80||1|6348,80|6348,80|761,86|||111010001|4101408|4101408|
|D190|000|6353|12,00|6348,80|6348,80|761,86|0||
|D100|1|1|627803830001150|57|00|1||1070|41260463358210000176570010000010701913419862|09042026|09042026|0||3220,80||1|3220,80|0,00|0,00|||111010001|4101408|4101408|
|D190|090|6932|0,00|3220,80|0,00|0,00|0||
|D100|1|1|627803830001150|57|00|1||1071|41260463358210000176570010000010711432293303|09042026|09042026|0||3135,60||1|3135,60|0,00|0,00|||111010001|4101408|4101408|
|D190|090|6932|0,00|3135,60|0,00|0,00|0||
|D100|1|1|627803830001150|57|00|1||1072|41260463358210000176570010000010721329320465|09042026|09042026|0||3184,80||1|3184,80|0,00|0,00|||111010001|4101408|4101408|
|D190|090|6932|0,00|3184,80|0,00|0,00|0||
|D100|1|1|627803830001150|57|00|1||1073|41260463358210000176570010000010731054009222|09042026|09042026|0||3139,20||1|3139,20|0,00|0,00|||111010001|4101408|4101408|
|D190|090|6932|0,00|3139,20|0,00|0,00|0||
|D100|1|1|627803830001150|57|00|1||1074|41260463358210000176570010000010741730915703|09042026|09042026|0||3135,60||1|3135,60|0,00|0,00|||111010001|4101408|4101408|
|D190|090|6932|0,00|3135,60|0,00|0,00|0||
|D100|1|1|627803830001150|57|00|1||1075|41260463358210000176570010000010751457232030|09042026|09042026|0||3145,20||1|3145,20|0,00|0,00|||111010001|4101408|4101408|
|D190|090|6932|0,00|3145,20|0,00|0,00|0||
|D100|1|1|627803830001150|57|00|1||1076|41260463358210000176570010000010761976426428|09042026|09042026|0||3205,20||1|3205,20|0,00|0,00|||111010001|4101408|4101408|
|D190|090|6932|0,00|3205,20|0,00|0,00|0||
|D100|1|1|627803830001150|57|00|1||1077|41260463358210000176570010000010771717644140|09042026|09042026|0||3177,60||1|3177,60|0,00|0,00|||111010001|4101408|4101408|
|D190|090|6932|0,00|3177,60|0,00|0,00|0||
|D100|1|1|627803830001150|57|00|1||1078|41260463358210000176570010000010781382267895|09042026|09042026|0||3174,00||1|3174,00|0,00|0,00|||111010001|4101408|4101408|
|D190|090|6932|0,00|3174,00|0,00|0,00|0||
|D100|1|1|627803830001150|57|00|1||1079|41260463358210000176570010000010791709047753|09042026|09042026|0||3230,40||1|3230,40|0,00|0,00|||111010001|4101408|4101408|
|D190|090|6932|0,00|3230,40|0,00|0,00|0||
|D100|1|1|627803830001150|57|00|1||1081|41260463358210000176570010000010811154033674|09042026|09042026|0||2854,80||1|2854,80|2854,80|342,58|||111010001|4101408|4101408|
|D190|000|6353|12,00|2854,80|2854,80|342,58|0||
|D100|1|1|627803830001150|57|00|1||1082|41260463358210000176570010000010821037431077|09042026|09042026|0||6419,20||1|6419,20|6419,20|770,30|||111010001|4101408|4101408|
|D190|000|6353|12,00|6419,20|6419,20|770,30|0||
|D100|1|1|627803830001150|57|00|1||1083|41260463358210000176570010000010831438774290|09042026|09042026|0||6384,00||1|6384,00|6384,00|766,08|||111010001|4101408|4101408|
|D190|000|6353|12,00|6384,00|6384,00|766,08|0||
|D100|1|1|627803830001150|57|00|1||1084|41260463358210000176570010000010841255788613|09042026|09042026|0||6150,40||1|6150,40|6150,40|738,05|||111010001|4101408|4101408|
|D190|000|6353|12,00|6150,40|6150,40|738,05|0||
|D100|1|1|627803830001150|57|00|1||1085|41260463358210000176570010000010851975351245|09042026|09042026|0||3228,00||1|3228,00|0,00|0,00|||111010001|4101408|4101408|
|D190|090|6932|0,00|3228,00|0,00|0,00|0||
|D100|1|1|627803830001150|57|00|1||1086|41260463358210000176570010000010861195713668|09042026|09042026|0||3211,20||1|3211,20|0,00|0,00|||111010001|4101408|4101408|
|D190|090|6932|0,00|3211,20|0,00|0,00|0||
|D100|1|1|627803830001150|57|00|1||1087|41260463358210000176570010000010871252701454|09042026|09042026|0||6233,60||1|6233,60|6233,60|748,03|||111010001|4101408|4101408|
|D190|000|6353|12,00|6233,60|6233,60|748,03|0||
|D100|1|1|627803830001150|57|00|1||1088|41260463358210000176570010000010881169418578|09042026|09042026|0||3236,40||1|3236,40|0,00|0,00|||111010001|4101408|4101408|
|D190|090|6932|0,00|3236,40|0,00|0,00|0||
|D100|1|1|627803830001150|57|00|1||1089|41260463358210000176570010000010891498722991|09042026|09042026|0||3237,60||1|3237,60|0,00|0,00|||111010001|4101408|4101408|
|D190|090|6932|0,00|3237,60|0,00|0,00|0||
|D100|1|1|627803830001150|57|00|1||1090|41260463358210000176570010000010901732854810|09042026|09042026|0||3201,60||1|3201,60|0,00|0,00|||111010001|4101408|4101408|
|D190|090|6932|0,00|3201,60|0,00|0,00|0||
|D100|1|1|627803830001150|57|00|1||1091|41260463358210000176570010000010911892483117|09042026|09042026|0||3205,20||1|3205,20|0,00|0,00|||111010001|4101408|4101408|
|D190|090|6932|0,00|3205,20|0,00|0,00|0||
|D100|1|1|627803830001150|57|00|1||1092|41260463358210000176570010000010921472188683|09042026|09042026|0||3200,40||1|3200,40|0,00|0,00|||111010001|4101408|4101408|
|D190|090|6932|0,00|3200,40|0,00|0,00|0||
|D100|1|1|627803830001150|57|00|1||1093|41260463358210000176570010000010931307911819|09042026|09042026|0||3220,80||1|3220,80|0,00|0,00|||111010001|4101408|4101408|
|D190|090|6932|0,00|3220,80|0,00|0,00|0||
|D100|1|1|627803830001150|57|00|1||1094|41260463358210000176570010000010941706561665|09042026|09042026|0||3146,40||1|3146,40|0,00|0,00|||111010001|4101408|4101408|
|D190|090|6932|0,00|3146,40|0,00|0,00|0||
|D100|1|1|627803830001150|57|00|1||1095|41260463358210000176570010000010951061330232|09042026|09042026|0||3225,60||1|3225,60|0,00|0,00|||111010001|4101408|4101408|
|D190|090|6932|0,00|3225,60|0,00|0,00|0||
|D100|1|1|627803830001150|57|00|1||1096|41260463358210000176570010000010961097838624|09042026|09042026|0||2532,00||1|2532,00|2532,00|303,84|||111010001|4101408|4101408|
|D190|040|5353|12,00|2532,00|2532,00|303,84|0||
|D100|1|1|627803830001150|57|00|1||1097|41260463358210000176570010000010971506084377|09042026|09042026|0||4908,80||1|4908,80|4908,80|589,06|||111010001|4101408|4101408|
|D190|000|6353|12,00|4908,80|4908,80|589,06|0||
|D100|1|1|627803830001150|57|00|1||1099|41260463358210000176570010000010991342626789|10042026|10042026|0||9627,56||1|9627,56|9627,56|1155,31|||111010001|4101408|4101408|
|D190|000|6353|12,00|9627,56|9627,56|1155,31|0||
|D100|1|1|627803830001150|57|00|1||1100|41260463358210000176570010000011001798484530|10042026|10042026|0||2529,60||1|2529,60|2529,60|303,55|||111010001|4101408|4101408|
|D190|040|5353|12,00|2529,60|2529,60|303,55|0||
|D100|1|1|627803830001150|57|00|1||1101|41260463358210000176570010000011011129135013|10042026|10042026|0||3180,00||1|3180,00|0,00|0,00|||111010001|4101408|4101408|
|D190|090|6932|0,00|3180,00|0,00|0,00|0||
|D100|1|1|627803830001150|57|00|1||1102|41260463358210000176570010000011021410677760|10042026|10042026|0||3231,60||1|3231,60|0,00|0,00|||111010001|4101408|4101408|
|D190|090|6932|0,00|3231,60|0,00|0,00|0||
|D100|1|1|627803830001150|57|00|1||1103|41260463358210000176570010000011031080870151|10042026|10042026|0||3199,20||1|3199,20|0,00|0,00|||111010001|4101408|4101408|
|D190|090|6932|0,00|3199,20|0,00|0,00|0||
|D100|1|1|627803830001150|57|00|1||1104|41260463358210000176570010000011041196167195|10042026|10042026|0||3147,60||1|3147,60|0,00|0,00|||111010001|4101408|4101408|
|D190|090|6932|0,00|3147,60|0,00|0,00|0||
|D100|1|1|627803830001150|57|00|1||1105|41260463358210000176570010000011051109023391|10042026|10042026|0||3229,20||1|3229,20|0,00|0,00|||111010001|4101408|4101408|
|D190|090|6932|0,00|3229,20|0,00|0,00|0||
|D100|1|1|627803830001150|57|00|1||1106|41260463358210000176570010000011061133533750|10042026|10042026|0||3220,80||1|3220,80|0,00|0,00|||111010001|4101408|4101408|
|D190|090|6932|0,00|3220,80|0,00|0,00|0||
|D100|1|1|627803830001150|57|00|1||1107|41260463358210000176570010000011071160229710|10042026|10042026|0||3189,60||1|3189,60|0,00|0,00|||111010001|4101408|4101408|
|D190|090|6932|0,00|3189,60|0,00|0,00|0||
|D100|1|1|627803830001150|57|00|1||1108|41260463358210000176570010000011081000805192|10042026|10042026|0||3212,40||1|3212,40|0,00|0,00|||111010001|4101408|4101408|
|D190|090|6932|0,00|3212,40|0,00|0,00|0||
|D100|1|1|627803830001150|57|00|1||1109|41260463358210000176570010000011091701700351|10042026|10042026|0||3158,40||1|3158,40|0,00|0,00|||111010001|4101408|4101408|
|D190|090|6932|0,00|3158,40|0,00|0,00|0||
|D100|1|1|627803830001150|57|00|1||1110|41260463358210000176570010000011101650920768|10042026|10042026|0||3235,20||1|3235,20|0,00|0,00|||111010001|4101408|4101408|
|D190|090|6932|0,00|3235,20|0,00|0,00|0||
|D100|1|1|627803830001150|57|00|1||1111|41260463358210000176570010000011111232565315|10042026|10042026|0||3174,00||1|3174,00|0,00|0,00|||111010001|4101408|4101408|
|D190|090|6932|0,00|3174,00|0,00|0,00|0||
|D100|1|1|627803830001150|57|00|1||1112|41260463358210000176570010000011121255015637|10042026|10042026|0||3196,80||1|3196,80|0,00|0,00|||111010001|4101408|4101408|
|D190|090|6932|0,00|3196,80|0,00|0,00|0||
|D100|1|1|627803830001150|57|00|1||1113|41260463358210000176570010000011131808077166|10042026|10042026|0||3219,60||1|3219,60|0,00|0,00|||111010001|4101408|4101408|
|D190|090|6932|0,00|3219,60|0,00|0,00|0||
|D100|1|1|627803830001150|57|00|1||1114|41260463358210000176570010000011141046662634|10042026|10042026|0||3218,40||1|3218,40|0,00|0,00|||111010001|4101408|4101408|
|D190|090|6932|0,00|3218,40|0,00|0,00|0||
|D100|1|1|627803830001150|57|00|1||1115|41260463358210000176570010000011151712479640|10042026|10042026|0||3231,60||1|3231,60|0,00|0,00|||111010001|4101408|4101408|
|D190|090|6932|0,00|3231,60|0,00|0,00|0||
|D100|1|1|627803830001150|57|00|1||1116|41260463358210000176570010000011161692138794|10042026|10042026|0||3216,00||1|3216,00|0,00|0,00|||111010001|4101408|4101408|
|D190|090|6932|0,00|3216,00|0,00|0,00|0||
|D100|1|1|627803830001150|57|00|1||1117|41260463358210000176570010000011171860073566|10042026|10042026|0||3205,20||1|3205,20|0,00|0,00|||111010001|4101408|4101408|
|D190|090|6932|0,00|3205,20|0,00|0,00|0||
|D100|1|1|627803830001150|57|00|1||1118|41260463358210000176570010000011181221305024|10042026|10042026|0||3133,20||1|3133,20|0,00|0,00|||111010001|4101408|4101408|
|D190|090|6932|0,00|3133,20|0,00|0,00|0||
|D100|1|1|627803830001150|57|00|1||1119|41260463358210000176570010000011191198218180|10042026|10042026|0||3238,80||1|3238,80|0,00|0,00|||111010001|4101408|4101408|
|D190|090|6932|0,00|3238,80|0,00|0,00|0||
|D100|1|1|627803830001150|57|00|1||1120|41260463358210000176570010000011201405851216|10042026|10042026|0||3140,40||1|3140,40|0,00|0,00|||111010001|4101408|4101408|
|D190|090|6932|0,00|3140,40|0,00|0,00|0||
|D100|1|1|627803830001150|57|00|1||1121|41260463358210000176570010000011211027391218|10042026|10042026|0||7695,00||1|7695,00|7695,00|923,40|||111010001|4101408|4101408|
|D190|000|6353|12,00|7695,00|7695,00|923,40|0||
|D100|1|1|627803830001150|57|00|1||1122|41260463358210000176570010000011221394236639|10042026|10042026|0||2867,40||1|2867,40|2867,40|344,09|||111010001|4101408|4101408|
|D190|000|6353|12,00|2867,40|2867,40|344,09|0||
|D100|1|1|627803830001150|57|00|1||1123|41260463358210000176570010000011231399678742|10042026|10042026|0||5905,50||1|5905,50|5905,50|708,66|||111010001|4101408|4101408|
|D190|000|6353|12,00|5905,50|5905,50|708,66|0||
|D100|1|1|627803830001150|57|00|1||1124|41260463358210000176570010000011241427601165|10042026|10042026|0||8556,70||1|8556,70|8556,70|1026,80|||111010001|4101408|4101408|
|D190|000|6353|12,00|8556,70|8556,70|1026,80|0||
|D100|1|1|627803830001150|57|00|1||1125|41260463358210000176570010000011251057685677|10042026|10042026|0||6200,00||1|6200,00|6200,00|744,00|||111010001|4101408|4101408|
|D190|000|6353|12,00|6200,00|6200,00|744,00|0||
|D100|1|1|627803830001150|57|00|1||1126|41260463358210000176570010000011261884214282|10042026|10042026|0||6231,00||1|6231,00|6231,00|747,72|||111010001|4101408|4101408|
|D190|000|6353|12,00|6231,00|6231,00|747,72|0||
|D100|1|1|627803830001150|57|00|1||1127|41260463358210000176570010000011271387946320|10042026|10042026|0||9427,18||1|9427,18|9427,18|1131,26|||111010001|4101408|4101408|
|D190|000|6353|12,00|9427,18|9427,18|1131,26|0||
|D100|1|1|627803830001150|57|00|1||1128|41260463358210000176570010000011281306550119|11042026|11042026|0||7615,20||1|7615,20|7615,20|913,82|||111010001|4101408|4101408|
|D190|000|6353|12,00|7615,20|7615,20|913,82|0||
|D100|1|1|627803830001150|57|00|1||1129|41260463358210000176570010000011291312717884|11042026|11042026|0||5998,50||1|5998,50|5998,50|719,82|||111010001|4101408|4101408|
|D190|000|6353|12,00|5998,50|5998,50|719,82|0||
|D100|1|1|627803830001150|57|00|1||1130|41260463358210000176570010000011301302034645|11042026|11042026|0||6066,70||1|6066,70|6066,70|728,00|||111010001|4101408|4101408|
|D190|000|6353|12,00|6066,70|6066,70|728,00|0||
|D100|1|1|627803830001150|57|00|1||1131|41260463358210000176570010000011311403595666|13042026|13042026|0||7368,20||1|7368,20|7368,20|884,18|||111010001|4101408|4101408|
|D190|000|6353|12,00|7368,20|7368,20|884,18|0||
|D100|1|1|627803830001150|57|00|1||1132|41260463358210000176570010000011321041705171|13042026|13042026|0||5883,80||1|5883,80|5883,80|706,06|||111010001|4101408|4101408|
|D190|000|6353|12,00|5883,80|5883,80|706,06|0||
|D100|1|1|627803830001150|57|00|1||1133|41260463358210000176570010000011331569738062|13042026|13042026|0||7600,00||1|7600,00|7600,00|912,00|||111010001|4101408|4101408|
|D190|000|6353|12,00|7600,00|7600,00|912,00|0||
|D100|1|1|627803830001150|57|00|1||1134|41260463358210000176570010000011341288386135|13042026|13042026|0||6255,80||1|6255,80|6255,80|750,70|||111010001|4101408|4101408|
|D190|000|6353|12,00|6255,80|6255,80|750,70|0||
|D100|1|1|627803830001150|57|00|1||1135|41260463358210000176570010000011351084924543|13042026|13042026|0||4050,80||1|4050,80|4050,80|486,10|||111010001|4101408|4101408|
|D190|000|6353|12,00|4050,80|4050,80|486,10|0||
|D100|1|1|627803830001150|57|00|1||1136|41260463358210000176570010000011361742473667|13042026|13042026|0||5762,90||1|5762,90|5762,90|691,55|||111010001|4101408|4101408|
|D190|000|6353|12,00|5762,90|5762,90|691,55|0||
|D100|1|1|627803830001150|57|00|1||1137|41260463358210000176570010000011371053552800|14042026|14042026|0||6207,75||1|6207,75|6207,75|744,93|||111010001|4101408|4101408|
|D190|000|6353|12,00|6207,75|6207,75|744,93|0||
|D100|1|1|627803830001150|57|00|1||1138|41260463358210000176570010000011381593174749|14042026|14042026|0||3196,80||1|3196,80|0,00|0,00|||111010001|4101408|4101408|
|D190|090|6932|0,00|3196,80|0,00|0,00|0||
|D100|1|1|627803830001150|57|00|1||1139|41260463358210000176570010000011391776474943|14042026|14042026|0||3163,20||1|3163,20|0,00|0,00|||111010001|4101408|4101408|
|D190|090|6932|0,00|3163,20|0,00|0,00|0||
|D100|1|1|627803830001150|57|00|1||1140|41260463358210000176570010000011401372205127|14042026|14042026|0||3200,40||1|3200,40|0,00|0,00|||111010001|4101408|4101408|
|D190|090|6932|0,00|3200,40|0,00|0,00|0||
|D100|1|1|627803830001150|57|00|1||1141|41260463358210000176570010000011411598385085|14042026|14042026|0||3190,80||1|3190,80|0,00|0,00|||111010001|4101408|4101408|
|D190|090|6932|0,00|3190,80|0,00|0,00|0||
|D100|1|1|627803830001150|57|00|1||1142|41260463358210000176570010000011421069505750|14042026|14042026|0||3232,80||1|3232,80|0,00|0,00|||111010001|4101408|4101408|
|D190|090|6932|0,00|3232,80|0,00|0,00|0||
|D100|1|1|627803830001150|57|00|1||1143|41260463358210000176570010000011431679150473|14042026|14042026|0||3181,20||1|3181,20|0,00|0,00|||111010001|4101408|4101408|
|D190|090|6932|0,00|3181,20|0,00|0,00|0||
|D100|1|1|627803830001150|57|00|1||1144|41260463358210000176570010000011441181119969|14042026|14042026|0||3162,00||1|3162,00|0,00|0,00|||111010001|4101408|4101408|
|D190|090|6932|0,00|3162,00|0,00|0,00|0||
|D100|1|1|627803830001150|57|00|1||1145|41260463358210000176570010000011451373178642|14042026|14042026|0||3195,60||1|3195,60|0,00|0,00|||111010001|4101408|4101408|
|D190|090|6932|0,00|3195,60|0,00|0,00|0||
|D100|1|1|627803830001150|57|00|1||1146|41260463358210000176570010000011461668614084|14042026|14042026|0||3140,40||1|3140,40|0,00|0,00|||111010001|4101408|4101408|
|D190|090|6932|0,00|3140,40|0,00|0,00|0||
|D100|1|1|627803830001150|57|00|1||1147|41260463358210000176570010000011471432132377|14042026|14042026|0||3192,00||1|3192,00|0,00|0,00|||111010001|4101408|4101408|
|D190|090|6932|0,00|3192,00|0,00|0,00|0||
|D100|1|1|627803830001150|57|00|1||1148|41260463358210000176570010000011481666484200|14042026|14042026|0||3238,80||1|3238,80|0,00|0,00|||111010001|4101408|4101408|
|D190|090|6932|0,00|3238,80|0,00|0,00|0||
|D100|1|1|627803830001150|57|00|1||1149|41260463358210000176570010000011491398970640|14042026|14042026|0||3166,80||1|3166,80|0,00|0,00|||111010001|4101408|4101408|
|D190|090|6932|0,00|3166,80|0,00|0,00|0||
|D100|1|1|627803830001150|57|00|1||1150|41260463358210000176570010000011501787351489|14042026|14042026|0||3169,20||1|3169,20|0,00|0,00|||111010001|4101408|4101408|
|D190|090|6932|0,00|3169,20|0,00|0,00|0||
|D100|1|1|627803830001150|57|00|1||1151|41260463358210000176570010000011511056080550|14042026|14042026|0||3175,20||1|3175,20|0,00|0,00|||111010001|4101408|4101408|
|D190|090|6932|0,00|3175,20|0,00|0,00|0||
|D100|1|1|627803830001150|57|00|1||1152|41260463358210000176570010000011521438599579|14042026|14042026|0||3170,40||1|3170,40|0,00|0,00|||111010001|4101408|4101408|
|D190|090|6932|0,00|3170,40|0,00|0,00|0||
|D100|1|1|627803830001150|57|00|1||1153|41260463358210000176570010000011531316963150|14042026|14042026|0||3170,40||1|3170,40|0,00|0,00|||111010001|4101408|4101408|
|D190|090|6932|0,00|3170,40|0,00|0,00|0||
|D100|1|1|627803830001150|57|00|1||1154|41260463358210000176570010000011541516204810|14042026|14042026|0||3177,60||1|3177,60|0,00|0,00|||111010001|4101408|4101408|
|D190|090|6932|0,00|3177,60|0,00|0,00|0||
|D100|1|1|627803830001150|57|00|1||1156|41260463358210000176570010000011561860655016|14042026|14042026|0||3187,20||1|3187,20|0,00|0,00|||111010001|4101408|4101408|
|D190|090|6932|0,00|3187,20|0,00|0,00|0||
|D100|1|1|627803830001150|57|00|1||1157|41260463358210000176570010000011571168009070|14042026|14042026|0||3192,00||1|3192,00|0,00|0,00|||111010001|4101408|4101408|
|D190|090|6932|0,00|3192,00|0,00|0,00|0||
|D100|1|1|627803830001150|57|00|1||1158|41260463358210000176570010000011581972016249|14042026|14042026|0||3226,80||1|3226,80|0,00|0,00|||111010001|4101408|4101408|
|D190|090|6932|0,00|3226,80|0,00|0,00|0||
|D100|1|1|627803830001150|57|00|1||1159|41260463358210000176570010000011591791573143|14042026|14042026|0||3134,40||1|3134,40|0,00|0,00|||111010001|4101408|4101408|
|D190|090|6932|0,00|3134,40|0,00|0,00|0||
|D100|1|1|627803830001150|57|00|1||1160|41260463358210000176570010000011601324742978|14042026|14042026|0||3204,00||1|3204,00|0,00|0,00|||111010001|4101408|4101408|
|D190|090|6932|0,00|3204,00|0,00|0,00|0||
|D100|1|1|627803830001150|57|00|1||1161|41260463358210000176570010000011611320159990|14042026|14042026|0||3190,80||1|3190,80|0,00|0,00|||111010001|4101408|4101408|
|D190|090|6932|0,00|3190,80|0,00|0,00|0||
|D100|1|1|627803830001150|57|00|1||1162|41260463358210000176570010000011621310715510|14042026|14042026|0||3205,20||1|3205,20|0,00|0,00|||111010001|4101408|4101408|
|D190|090|6932|0,00|3205,20|0,00|0,00|0||
|D100|1|1|627803830001150|57|00|1||1163|41260463358210000176570010000011631145644302|14042026|14042026|0||3207,60||1|3207,60|0,00|0,00|||111010001|4101408|4101408|
|D190|090|6932|0,00|3207,60|0,00|0,00|0||
|D100|1|1|627803830001150|57|00|1||1164|41260463358210000176570010000011641563432839|14042026|14042026|0||4044,30||1|4044,30|4044,30|485,32|||111010001|4101408|4101408|
|D190|000|6353|12,00|4044,30|4044,30|485,32|0||
|D100|1|1|627803830001150|57|00|1||1165|41260463358210000176570010000011651087476885|14042026|14042026|0||4243,20||1|4243,20|4243,20|509,18|||111010001|4101408|4101408|
|D190|000|6353|12,00|4243,20|4243,20|509,18|0||
|D100|1|1|627803830001150|57|00|1||1166|41260463358210000176570010000011661146083519|14042026|14042026|0||3135,60||1|3135,60|0,00|0,00|||111010001|4101408|4101408|
|D190|090|6932|0,00|3135,60|0,00|0,00|0||
|D100|1|1|627803830001150|57|00|1||1167|41260463358210000176570010000011671838440685|14042026|14042026|0||3183,60||1|3183,60|0,00|0,00|||111010001|4101408|4101408|
|D190|090|6932|0,00|3183,60|0,00|0,00|0||
|D100|1|1|627803830001150|57|00|1||1168|41260463358210000176570010000011681009539639|14042026|14042026|0||3190,80||1|3190,80|0,00|0,00|||111010001|4101408|4101408|
|D190|090|6932|0,00|3190,80|0,00|0,00|0||
|D100|1|1|627803830001150|57|00|1||1169|41260463358210000176570010000011691456477495|14042026|14042026|0||3169,20||1|3169,20|0,00|0,00|||111010001|4101408|4101408|
|D190|090|6932|0,00|3169,20|0,00|0,00|0||
|D100|1|1|627803830001150|57|00|1||1170|41260463358210000176570010000011701307347396|14042026|14042026|0||3158,40||1|3158,40|0,00|0,00|||111010001|4101408|4101408|
|D190|090|6932|0,00|3158,40|0,00|0,00|0||
|D100|1|1|627803830001150|57|00|1||1171|41260463358210000176570010000011711181846701|14042026|14042026|0||3186,00||1|3186,00|0,00|0,00|||111010001|4101408|4101408|
|D190|090|6932|0,00|3186,00|0,00|0,00|0||
|D100|1|1|627803830001150|57|00|1||1172|41260463358210000176570010000011721725710539|14042026|14042026|0||3216,00||1|3216,00|0,00|0,00|||111010001|4101408|4101408|
|D190|090|6932|0,00|3216,00|0,00|0,00|0||
|D100|1|1|627803830001150|57|00|1||1173|41260463358210000176570010000011731865658162|14042026|14042026|0||3205,20||1|3205,20|0,00|0,00|||111010001|4101408|4101408|
|D190|090|6932|0,00|3205,20|0,00|0,00|0||
|D100|1|1|627803830001150|57|00|1||1174|41260463358210000176570010000011741141787960|14042026|14042026|0||3133,20||1|3133,20|0,00|0,00|||111010001|4101408|4101408|
|D190|090|6932|0,00|3133,20|0,00|0,00|0||
|D100|1|1|627803830001150|57|00|1||1175|41260463358210000176570010000011751787534612|14042026|14042026|0||3206,40||1|3206,40|0,00|0,00|||111010001|4101408|4101408|
|D190|090|6932|0,00|3206,40|0,00|0,00|0||
|D100|1|1|627803830001150|57|00|1||1176|41260463358210000176570010000011761113440327|14042026|14042026|0||3171,60||1|3171,60|0,00|0,00|||111010001|4101408|4101408|
|D190|090|6932|0,00|3171,60|0,00|0,00|0||
|D100|1|1|627803830001150|57|00|1||1177|41260463358210000176570010000011771948573708|14042026|14042026|0||3141,60||1|3141,60|0,00|0,00|||111010001|4101408|4101408|
|D190|090|6932|0,00|3141,60|0,00|0,00|0||
|D100|1|1|627803830001150|57|00|1||1178|41260463358210000176570010000011781792128750|14042026|14042026|0||3184,80||1|3184,80|0,00|0,00|||111010001|4101408|4101408|
|D190|090|6932|0,00|3184,80|0,00|0,00|0||
|D100|1|1|627803830001150|57|00|1||1179|41260463358210000176570010000011791954774501|14042026|14042026|0||3183,60||1|3183,60|0,00|0,00|||111010001|4101408|4101408|
|D190|090|6932|0,00|3183,60|0,00|0,00|0||
|D100|1|1|627803830001150|57|00|1||1180|41260463358210000176570010000011801637794996|15042026|15042026|0||4183,40||1|4183,40|4183,40|502,01|||111010001|4101408|4101408|
|D190|000|6353|12,00|4183,40|4183,40|502,01|0||
|D100|1|1|627803830001150|57|00|1||1181|41260463358210000176570010000011811307079948|15042026|15042026|0||7755,80||1|7755,80|7755,80|930,70|||111010001|4101408|4101408|
|D190|000|6353|12,00|7755,80|7755,80|930,70|0||
|D100|1|1|627803830001150|57|00|1||1182|41260463358210000176570010000011821213283476|15042026|15042026|0||5093,40||1|5093,40|5093,40|611,21|||111010001|4101408|4101408|
|D190|000|6353|12,00|5093,40|5093,40|611,21|0||
|D100|1|1|627803830001150|57|00|1||1183|41260463358210000176570010000011831386925485|16042026|16042026|0||4100,20||1|4100,20|4100,20|492,02|||111010001|4101408|4101408|
|D190|000|6353|12,00|4100,20|4100,20|492,02|0||
|D100|1|1|627803830001150|57|00|1||1184|41260463358210000176570010000011841200014794|16042026|16042026|0||3063,00||1|3063,00|0,00|0,00|||111010001|4101408|4101408|
|D190|090|6932|0,00|3063,00|0,00|0,00|0||
|D100|1|1|627803830001150|57|00|1||1185|41260463358210000176570010000011851329990634|16042026|16042026|0||3072,00||1|3072,00|0,00|0,00|||111010001|4101408|4101408|
|D190|090|6932|0,00|3072,00|0,00|0,00|0||
|D100|1|1|627803830001150|57|00|1||1186|41260463358210000176570010000011861106812059|16042026|16042026|0||6107,00||1|6107,00|6107,00|732,84|||111010001|4101408|4101408|
|D190|000|6353|12,00|6107,00|6107,00|732,84|0||
|D100|1|1|627803830001150|57|00|1||1187|41260463358210000176570010000011871868917440|16042026|16042026|0||6232,55||1|6232,55|6232,55|747,91|||111010001|4101408|4101408|
|D190|000|6353|12,00|6232,55|6232,55|747,91|0||
|D100|1|1|627803830001150|57|00|1||1188|41260463358210000176570010000011881200491524|16042026|16042026|0||3468,15||1|3468,15|3468,15|416,18|||111010001|4101408|4101408|
|D190|000|6353|12,00|3468,15|3468,15|416,18|0||
|D100|1|1|627803830001150|57|00|1||1189|41260463358210000176570010000011891331109574|16042026|16042026|0||7647,84||1|7647,84|7647,84|917,74|||111010001|4101408|4101408|
|D190|000|6353|12,00|7647,84|7647,84|917,74|0||
|D100|1|1|627803830001150|57|00|1||1190|41260463358210000176570010000011901492665127|17042026|17042026|0||4464,90||1|4464,90|4464,90|535,79|||111010001|4101408|4101408|
|D190|000|6353|12,00|4464,90|4464,90|535,79|0||
|D100|1|1|627803830001150|57|00|1||1191|41260463358210000176570010000011911184598892|17042026|17042026|0||4354,90||1|4354,90|4354,90|522,59|||111010001|4101408|4101408|
|D190|000|6353|12,00|4354,90|4354,90|522,59|0||
|D100|1|1|627803830001150|57|00|1||1192|41260463358210000176570010000011921995135653|17042026|17042026|0||2858,40||1|2858,40|2858,40|343,01|||111010001|4101408|4101408|
|D190|000|6353|12,00|2858,40|2858,40|343,01|0||
|D100|1|1|627803830001150|57|00|1||1193|41260463358210000176570010000011931607381250|17042026|17042026|0||7865,92||1|7865,92|7865,92|943,91|||111010001|4101408|4101408|
|D190|000|6353|12,00|7865,92|7865,92|943,91|0||
|D100|1|1|627803830001150|57|00|1||1194|41260463358210000176570010000011941189154412|17042026|17042026|0||4248,40||1|4248,40|4248,40|509,81|||111010001|4101408|4101408|
|D190|000|6353|12,00|4248,40|4248,40|509,81|0||
|D100|1|1|627803830001150|57|00|1||1195|41260463358210000176570010000011951216724439|17042026|17042026|0||4141,80||1|4141,80|4141,80|497,02|||111010001|4101408|4101408|
|D190|000|6353|12,00|4141,80|4141,80|497,02|0||
|D100|1|1|627803830001150|57|00|1||1196|41260463358210000176570010000011961247376642|17042026|17042026|0||7602,72||1|7602,72|7602,72|912,33|||111010001|4101408|4101408|
|D190|000|6353|12,00|7602,72|7602,72|912,33|0||
|D100|1|1|627803830001150|57|00|1||1197|41260463358210000176570010000011971070403140|17042026|17042026|0||7429,76||1|7429,76|7429,76|891,57|||111010001|4101408|4101408|
|D190|000|6353|12,00|7429,76|7429,76|891,57|0||
|D100|1|1|627803830001150|57|00|1||1198|41260463358210000176570010000011981816027617|18042026|18042026|0||6434,62||1|6434,62|6434,62|772,15|||111010001|4101408|4101408|
|D190|000|6353|12,00|6434,62|6434,62|772,15|0||
|D100|1|1|627803830001150|57|00|1||1199|41260463358210000176570010000011991595935360|18042026|18042026|0||7662,88||1|7662,88|7662,88|919,55|||111010001|4101408|4101408|
|D190|000|6353|12,00|7662,88|7662,88|919,55|0||
|D100|1|1|627803830001150|57|00|1||1200|41260463358210000176570010000012001230440347|18042026|18042026|0||7899,76||1|7899,76|7899,76|947,97|||111010001|4101408|4101408|
|D190|000|6353|12,00|7899,76|7899,76|947,97|0||
|D100|1|1|627803830001150|57|00|1||1201|41260463358210000176570010000012011783342478|18042026|18042026|0||7286,88||1|7286,88|7286,88|874,43|||111010001|4101408|4101408|
|D190|000|6353|12,00|7286,88|7286,88|874,43|0||
|D100|1|1|627803830001150|57|00|1||1202|41260463358210000176570010000012021637046298|18042026|18042026|0||7008,64||1|7008,64|7008,64|841,04|||111010001|4101408|4101408|
|D190|000|6353|12,00|7008,64|7008,64|841,04|0||
|D100|1|1|627803830001150|57|00|1||1203|41260463358210000176570010000012031192794002|18042026|18042026|0||7711,76||1|7711,76|7711,76|925,41|||111010001|4101408|4101408|
|D190|000|6353|12,00|7711,76|7711,76|925,41|0||
|D100|1|1|627803830001150|57|00|1||1204|41260463358210000176570010000012041473407042|18042026|18042026|0||7692,96||1|7692,96|7692,96|923,16|||111010001|4101408|4101408|
|D190|000|6353|12,00|7692,96|7692,96|923,16|0||
|D100|1|1|627803830001150|57|00|1||1205|41260463358210000176570010000012051200131091|18042026|18042026|0||7313,20||1|7313,20|7313,20|877,58|||111010001|4101408|4101408|
|D190|000|6353|12,00|7313,20|7313,20|877,58|0||
|D100|1|1|627803830001150|57|00|1||1206|41260463358210000176570010000012061350212965|18042026|18042026|0||7493,68||1|7493,68|7493,68|899,24|||111010001|4101408|4101408|
|D190|000|6353|12,00|7493,68|7493,68|899,24|0||
|D100|1|1|627803830001150|57|00|1||1207|41260463358210000176570010000012071843402238|18042026|18042026|0||7373,36||1|7373,36|7373,36|884,80|||111010001|4101408|4101408|
|D190|000|6353|12,00|7373,36|7373,36|884,80|0||
|D100|1|1|627803830001150|57|00|1||1208|41260463358210000176570010000012081654794098|18042026|18042026|0||5109,00||1|5109,00|5109,00|613,08|||111010001|4101408|4101408|
|D190|000|6353|12,00|5109,00|5109,00|613,08|0||
|D100|1|1|627803830001150|57|00|1||1209|41260463358210000176570010000012091542770135|18042026|18042026|0||7170,32||1|7170,32|7170,32|860,44|||111010001|4101408|4101408|
|D190|000|6353|12,00|7170,32|7170,32|860,44|0||
|D100|1|1|627803830001150|57|00|1||1210|41260463358210000176570010000012101894299812|18042026|18042026|0||4212,00||1|4212,00|4212,00|505,44|||111010001|4101408|4101408|
|D190|000|6353|12,00|4212,00|4212,00|505,44|0||
|D100|1|1|627803830001150|57|00|1||1211|41260463358210000176570010000012111246650854|20042026|20042026|0||7576,40||1|7576,40|7576,40|909,17|||111010001|4101408|4101408|
|D190|000|6353|12,00|7576,40|7576,40|909,17|0||
|D100|1|1|627803830001150|57|00|1||1212|41260463358210000176570010000012121653209011|20042026|20042026|0||7606,48||1|7606,48|7606,48|912,78|||111010001|4101408|4101408|
|D190|000|6353|12,00|7606,48|7606,48|912,78|0||
|D100|1|1|627803830001150|57|00|1||1213|41260463358210000176570010000012131442634984|20042026|20042026|0||7523,76||1|7523,76|7523,76|902,85|||111010001|4101408|4101408|
|D190|000|6353|12,00|7523,76|7523,76|902,85|0||
|D100|1|1|627803830001150|57|00|1||1214|41260463358210000176570010000012141590428310|20042026|20042026|0||7125,20||1|7125,20|7125,20|855,02|||111010001|4101408|4101408|
|D190|000|6353|12,00|7125,20|7125,20|855,02|0||
|D100|1|1|627803830001150|57|00|1||1215|41260463358210000176570010000012151160254151|20042026|20042026|0||4666,25||1|4666,25|4666,25|559,95|||111010001|4101408|4101408|
|D190|000|6353|12,00|4666,25|4666,25|559,95|0||
|D100|1|1|627803830001150|57|00|1||1216|41260463358210000176570010000012161863894984|20042026|20042026|0||7489,92||1|7489,92|7489,92|898,79|||111010001|4101408|4101408|
|D190|000|6353|12,00|7489,92|7489,92|898,79|0||
|D100|1|1|627803830001150|57|00|1||1217|41260463358210000176570010000012171460445275|20042026|20042026|0||7516,24||1|7516,24|7516,24|901,95|||111010001|4101408|4101408|
|D190|000|6353|12,00|7516,24|7516,24|901,95|0||
|D100|1|1|627803830001150|57|00|1||1218|41260463358210000176570010000012181331509932|20042026|20042026|0||5000,00||1|5000,00|5000,00|600,00|||111010001|4101408|4101408|
|D190|000|6353|12,00|5000,00|5000,00|600,00|0||
|D100|1|1|627803830001150|57|00|1||1219|41260463358210000176570010000012191931562343|20042026|20042026|0||5000,00||1|5000,00|5000,00|600,00|||111010001|4101408|4101408|
|D190|000|6353|12,00|5000,00|5000,00|600,00|0||
|D100|1|1|627803830001150|57|00|1||1220|41260463358210000176570010000012201927987140|20042026|20042026|0||5000,00||1|5000,00|5000,00|600,00|||111010001|4101408|4101408|
|D190|000|6353|12,00|5000,00|5000,00|600,00|0||
|D100|1|1|627803830001150|57|00|1||1221|41260463358210000176570010000012211727623818|20042026|20042026|0||4353,80||1|4353,80|4353,80|522,46|||111010001|4101408|4101408|
|D190|000|6353|12,00|4353,80|4353,80|522,46|0||
|D100|1|1|627803830001150|57|00|1||1222|41260463358210000176570010000012221359668850|20042026|20042026|0||4111,80||1|4111,80|4111,80|493,42|||111010001|4101408|4101408|
|D190|000|6353|12,00|4111,80|4111,80|493,42|0||
|D100|1|1|627803830001150|57|00|1||1223|41260463358210000176570010000012231495240332|20042026|20042026|0||5093,40||1|5093,40|5093,40|611,21|||111010001|4101408|4101408|
|D190|000|6353|12,00|5093,40|5093,40|611,21|0||
|D100|1|1|627803830001150|57|00|1||1224|41260463358210000176570010000012241997390036|21042026|21042026|0||3326,40||1|3326,40|3326,40|399,17|||111010001|4101408|4101408|
|D190|000|6353|12,00|3326,40|3326,40|399,17|0||
|D100|1|1|627803830001150|57|00|1||1225|41260463358210000176570010000012251722470311|22042026|22042026|0||3460,80||1|3460,80|3460,80|415,30|||111010001|4101408|4101408|
|D190|000|6353|12,00|3460,80|3460,80|415,30|0||
|D100|1|1|627803830001150|57|00|1||1226|41260463358210000176570010000012261204805674|22042026|22042026|0||5000,00||1|5000,00|5000,00|600,00|||111010001|4101408|4101408|
|D190|000|6353|12,00|5000,00|5000,00|600,00|0||
|D100|1|1|627803830001150|57|00|1||1227|41260463358210000176570010000012271069426450|22042026|22042026|0||7324,48||1|7324,48|7324,48|878,94|||111010001|4101408|4101408|
|D190|000|6353|12,00|7324,48|7324,48|878,94|0||
|D100|1|1|627803830001150|57|00|1||1229|41260463358210000176570010000012291740524761|22042026|22042026|0||4625,00||1|4625,00|4625,00|555,00|||111010001|4101408|4101408|
|D190|000|6353|12,00|4625,00|4625,00|555,00|0||
|D100|1|1|627803830001150|57|00|1||1230|41260463358210000176570010000012301373099540|22042026|22042026|0||5000,00||1|5000,00|5000,00|600,00|||111010001|4101408|4101408|
|D190|000|6353|12,00|5000,00|5000,00|600,00|0||
|D100|1|1|627803830001150|57|00|1||1231|41260463358210000176570010000012311519561593|22042026|22042026|0||4683,75||1|4683,75|4683,75|562,05|||111010001|4101408|4101408|
|D190|000|6353|12,00|4683,75|4683,75|562,05|0||
|D100|1|1|627803830001150|57|00|1||1232|41260463358210000176570010000012321870765632|23042026|23042026|0||3217,20||1|3217,20|0,00|0,00|||111010001|4101408|4101408|
|D190|090|6932|0,00|3217,20|0,00|0,00|0||
|D100|1|1|627803830001150|57|00|1||1233|41260463358210000176570010000012331604612509|23042026|23042026|0||3206,40||1|3206,40|0,00|0,00|||111010001|4101408|4101408|
|D190|090|6932|0,00|3206,40|0,00|0,00|0||
|D100|1|1|627803830001150|57|00|1||1234|41260463358210000176570010000012341474774781|23042026|23042026|0||3134,40||1|3134,40|0,00|0,00|||111010001|4101408|4101408|
|D190|090|6932|0,00|3134,40|0,00|0,00|0||
|D100|1|1|627803830001150|57|00|1||1235|41260463358210000176570010000012351989294752|23042026|23042026|0||3237,60||1|3237,60|0,00|0,00|||111010001|4101408|4101408|
|D190|090|6932|0,00|3237,60|0,00|0,00|0||
|D100|1|1|627803830001150|57|00|1||1236|41260463358210000176570010000012361333152266|23042026|23042026|0||3136,80||1|3136,80|0,00|0,00|||111010001|4101408|4101408|
|D190|090|6932|0,00|3136,80|0,00|0,00|0||
|D100|1|1|627803830001150|57|00|1||1237|41260463358210000176570010000012371586656952|23042026|23042026|0||3180,00||1|3180,00|0,00|0,00|||111010001|4101408|4101408|
|D190|090|6932|0,00|3180,00|0,00|0,00|0||
|D100|1|1|627803830001150|57|00|1||1238|41260463358210000176570010000012381079651671|23042026|23042026|0||3222,00||1|3222,00|0,00|0,00|||111010001|4101408|4101408|
|D190|090|6932|0,00|3222,00|0,00|0,00|0||
|D100|1|1|627803830001150|57|00|1||1239|41260463358210000176570010000012391741257798|23042026|23042026|0||3187,20||1|3187,20|0,00|0,00|||111010001|4101408|4101408|
|D190|090|6932|0,00|3187,20|0,00|0,00|0||
|D100|1|1|627803830001150|57|00|1||1240|41260463358210000176570010000012401384693313|23042026|23042026|0||3183,60||1|3183,60|0,00|0,00|||111010001|4101408|4101408|
|D190|090|6932|0,00|3183,60|0,00|0,00|0||
|D100|1|1|627803830001150|57|00|1||1241|41260463358210000176570010000012411201150959|23042026|23042026|0||3139,20||1|3139,20|0,00|0,00|||111010001|4101408|4101408|
|D190|090|6932|0,00|3139,20|0,00|0,00|0||
|D100|1|1|627803830001150|57|00|1||1242|41260463358210000176570010000012421353156825|23042026|23042026|0||3159,60||1|3159,60|0,00|0,00|||111010001|4101408|4101408|
|D190|090|6932|0,00|3159,60|0,00|0,00|0||
|D100|1|1|627803830001150|57|00|1||1243|41260463358210000176570010000012431998302268|23042026|23042026|0||3189,60||1|3189,60|0,00|0,00|||111010001|4101408|4101408|
|D190|090|6932|0,00|3189,60|0,00|0,00|0||
|D100|1|1|627803830001150|57|00|1||1244|41260463358210000176570010000012441933054739|23042026|23042026|0||5437,80||1|5437,80|5437,80|652,54|||111010001|4101408|4101408|
|D190|000|6353|12,00|5437,80|5437,80|652,54|0||
|D100|1|1|627803830001150|57|00|1||1245|41260463358210000176570010000012451868254110|23042026|23042026|0||5000,00||1|5000,00|5000,00|600,00|||111010001|4101408|4101408|
|D190|000|6353|12,00|5000,00|5000,00|600,00|0||
|D100|1|1|627803830001150|57|00|1||1246|41260463358210000176570010000012461944044386|23042026|23042026|0||3168,00||1|3168,00|0,00|0,00|||111010001|4101408|4101408|
|D190|090|6932|0,00|3168,00|0,00|0,00|0||
|D100|1|1|627803830001150|57|00|1||1247|41260463358210000176570010000012471768368509|23042026|23042026|0||3204,00||1|3204,00|0,00|0,00|||111010001|4101408|4101408|
|D190|090|6932|0,00|3204,00|0,00|0,00|0||
|D100|1|1|627803830001150|57|00|1||1248|41260463358210000176570010000012481068053707|23042026|23042026|0||3072,00||1|3072,00|0,00|0,00|||111010001|4101408|4101408|
|D190|090|6932|0,00|3072,00|0,00|0,00|0||
|D100|1|1|627803830001150|57|00|1||1249|41260463358210000176570010000012491190463040|23042026|23042026|0||3246,00||1|3246,00|0,00|0,00|||111010001|4101408|4101408|
|D190|090|6932|0,00|3246,00|0,00|0,00|0||
|D100|1|1|627803830001150|57|00|1||1250|41260463358210000176570010000012501494106796|23042026|23042026|0||3105,00||1|3105,00|0,00|0,00|||111010001|4101408|4101408|
|D190|090|6932|0,00|3105,00|0,00|0,00|0||
|D100|1|1|627803830001150|57|00|1||1251|41260463358210000176570010000012511644864272|23042026|23042026|0||3168,00||1|3168,00|0,00|0,00|||111010001|4101408|4101408|
|D190|090|6932|0,00|3168,00|0,00|0,00|0||
|D100|1|1|627803830001150|57|00|1||1252|41260463358210000176570010000012521647678698|23042026|23042026|0||3148,80||1|3148,80|0,00|0,00|||111010001|4101408|4101408|
|D190|090|6932|0,00|3148,80|0,00|0,00|0||
|D100|1|1|627803830001150|57|00|1||1253|41260463358210000176570010000012531102797688|23042026|23042026|0||3138,00||1|3138,00|0,00|0,00|||111010001|4101408|4101408|
|D190|090|6932|0,00|3138,00|0,00|0,00|0||
|D100|1|1|627803830001150|57|00|1||1254|41260463358210000176570010000012541834308755|23042026|23042026|0||3150,00||1|3150,00|0,00|0,00|||111010001|4101408|4101408|
|D190|090|6932|0,00|3150,00|0,00|0,00|0||
|D100|1|1|627803830001150|57|00|1||1255|41260463358210000176570010000012551431917564|23042026|23042026|0||3097,20||1|3097,20|0,00|0,00|||111010001|4101408|4101408|
|D190|090|6932|0,00|3097,20|0,00|0,00|0||
|D100|1|1|627803830001150|57|00|1||1256|41260463358210000176570010000012561708248280|23042026|23042026|0||3162,00||1|3162,00|0,00|0,00|||111010001|4101408|4101408|
|D190|090|6932|0,00|3162,00|0,00|0,00|0||
|D100|1|1|627803830001150|57|00|1||1257|41260463358210000176570010000012571048102655|23042026|23042026|0||3231,00||1|3231,00|0,00|0,00|||111010001|4101408|4101408|
|D190|090|6932|0,00|3231,00|0,00|0,00|0||
|D100|1|1|627803830001150|57|00|1||1258|41260463358210000176570010000012581920743218|23042026|23042026|0||5000,00||1|5000,00|5000,00|600,00|||111010001|4101408|4101408|
|D190|000|6353|12,00|5000,00|5000,00|600,00|0||
|D100|1|1|627803830001150|57|00|1||1259|41260463358210000176570010000012591733417768|23042026|23042026|0||4371,30||1|4371,30|4371,30|524,56|||111010001|4101408|4101408|
|D190|000|6353|12,00|4371,30|4371,30|524,56|0||
|D100|1|1|627803830001150|57|00|1||1260|41260463358210000176570010000012601958846969|23042026|23042026|0||5286,60||1|5286,60|5286,60|634,39|||111010001|4101408|4101408|
|D190|000|6353|12,00|5286,60|5286,60|634,39|0||
|D100|1|1|627803830001150|57|00|1||1261|41260463358210000176570010000012611361370151|23042026|23042026|0||4953,92||1|4953,92|4953,92|594,47|||111010001|4101408|4101408|
|D190|000|6353|12,00|4953,92|4953,92|594,47|0||
|D100|1|1|627803830001150|57|00|1||1262|41260463358210000176570010000012621099350613|23042026|23042026|0||4992,28||1|4992,28|4992,28|599,07|||111010001|4101408|4101408|
|D190|000|6353|12,00|4992,28|4992,28|599,07|0||
|D100|1|1|627803830001150|57|00|1||1263|41260463358210000176570010000012631765401690|23042026|23042026|0||5260,80||1|5260,80|5260,80|631,30|||111010001|4101408|4101408|
|D190|000|6353|12,00|5260,80|5260,80|631,30|0||
|D100|1|1|627803830001150|57|00|1||1264|41260463358210000176570010000012641432533726|24042026|24042026|0||5812,50||1|5812,50|5812,50|697,50|||111010001|4101408|4101408|
|D190|000|6353|12,00|5812,50|5812,50|697,50|0||
|D100|1|1|627803830001150|57|00|1||1265|41260463358210000176570010000012651620769828|24042026|24042026|0||6156,60||1|6156,60|6156,60|738,79|||111010001|4101408|4101408|
|D190|000|6353|12,00|6156,60|6156,60|738,79|0||
|D100|1|1|627803830001150|57|00|1||1266|41260463358210000176570010000012661196064556|24042026|24042026|0||5592,40||1|5592,40|5592,40|671,09|||111010001|4101408|4101408|
|D190|000|6353|12,00|5592,40|5592,40|671,09|0||
|D100|1|1|627803830001150|57|00|1||1267|41260463358210000176570010000012671166544310|24042026|24042026|0||3150,00||1|3150,00|0,00|0,00|||111010001|4101408|4101408|
|D190|090|6932|0,00|3150,00|0,00|0,00|0||
|D100|1|1|627803830001150|57|00|1||1268|41260463358210000176570010000012681099602276|24042026|24042026|0||7388,40||1|7388,40|7388,40|886,61|||111010001|4101408|4101408|
|D190|000|6353|12,00|7388,40|7388,40|886,61|0||
|D100|1|1|627803830001150|57|00|1||1269|41260463358210000176570010000012691997823678|24042026|24042026|0||3156,00||1|3156,00|0,00|0,00|||111010001|4101408|4101408|
|D190|090|6932|0,00|3156,00|0,00|0,00|0||
|D100|1|1|627803830001150|57|00|1||1270|41260463358210000176570010000012701017066616|24042026|24042026|0||6085,30||1|6085,30|6085,30|730,24|||111010001|4101408|4101408|
|D190|000|6353|12,00|6085,30|6085,30|730,24|0||
|D100|1|1|627803830001150|57|00|1||1271|41260463358210000176570010000012711783409232|24042026|24042026|0||5930,30||1|5930,30|5930,30|711,64|||111010001|4101408|4101408|
|D190|000|6353|12,00|5930,30|5930,30|711,64|0||
|D100|1|1|627803830001150|57|00|1||1272|41260463358210000176570010000012721871712880|24042026|24042026|0||5958,40||1|5958,40|5958,40|715,01|||111010001|4101408|4101408|
|D190|000|6353|12,00|5958,40|5958,40|715,01|0||
|D100|1|1|627803830001150|57|00|1||1273|41260463358210000176570010000012731159015320|24042026|24042026|0||3175,20||1|3175,20|0,00|0,00|||111010001|4101408|4101408|
|D190|090|6932|0,00|3175,20|0,00|0,00|0||
|D100|1|1|627803830001150|57|00|1||1274|41260463358210000176570010000012741093733775|24042026|24042026|0||3168,00||1|3168,00|0,00|0,00|||111010001|4101408|4101408|
|D190|090|6932|0,00|3168,00|0,00|0,00|0||
|D100|1|1|627803830001150|57|00|1||1275|41260463358210000176570010000012751598545710|24042026|24042026|0||8959,92||1|8959,92|8959,92|1075,19|||111010001|4101408|4101408|
|D190|000|6353|12,00|8959,92|8959,92|1075,19|0||
|D100|1|1|627803830001150|57|00|1||1276|41260463358210000176570010000012761718781420|24042026|24042026|0||3148,80||1|3148,80|0,00|0,00|||111010001|4101408|4101408|
|D190|090|6932|0,00|3148,80|0,00|0,00|0||
|D100|1|1|627803830001150|57|00|1||1277|41260463358210000176570010000012771386955765|25042026|25042026|0||3126,00||1|3126,00|0,00|0,00|||111010001|4101408|4101408|
|D190|090|6932|0,00|3126,00|0,00|0,00|0||
|D100|0|1|627803830001150|57|00|1||1278|41260463358210000176570010000012781958142486|25042026|25042026|0||1823,00||1|1823,00|1823,00|218,76|||111010001|4101408|4101408|
|D190|000|2353|12,00|1823,00|1823,00|218,76|0||
|D100|1|1|627803830001150|57|00|1||1279|41260463358210000176570010000012791215395611|25042026|25042026|0||3186,00||1|3186,00|0,00|0,00|||111010001|4101408|4101408|
|D190|090|6932|0,00|3186,00|0,00|0,00|0||
|D100|1|1|627803830001150|57|00|1||1280|41260463358210000176570010000012801640087753|25042026|25042026|0||3201,60||1|3201,60|0,00|0,00|||111010001|4101408|4101408|
|D190|090|6932|0,00|3201,60|0,00|0,00|0||
|D100|1|1|627803830001150|57|00|1||1281|41260463358210000176570010000012811598027430|25042026|25042026|0||3252,00||1|3252,00|0,00|0,00|||111010001|4101408|4101408|
|D190|090|6932|0,00|3252,00|0,00|0,00|0||
|D100|1|1|627803830001150|57|00|1||1282|41260463358210000176570010000012821472153418|25042026|25042026|0||3237,60||1|3237,60|0,00|0,00|||111010001|4101408|4101408|
|D190|090|6932|0,00|3237,60|0,00|0,00|0||
|D100|1|1|627803830001150|57|00|1||1283|41260463358210000176570010000012831295823774|25042026|25042026|0||3174,00||1|3174,00|0,00|0,00|||111010001|4101408|4101408|
|D190|090|6932|0,00|3174,00|0,00|0,00|0||
|D100|1|1|627803830001150|57|00|1||1284|41260463358210000176570010000012841134307666|25042026|25042026|0||3224,40||1|3224,40|0,00|0,00|||111010001|4101408|4101408|
|D190|090|6932|0,00|3224,40|0,00|0,00|0||
|D100|1|1|627803830001150|57|00|1||1285|41260463358210000176570010000012851851811164|25042026|25042026|0||3156,00||1|3156,00|0,00|0,00|||111010001|4101408|4101408|
|D190|090|6932|0,00|3156,00|0,00|0,00|0||
|D100|1|1|627803830001150|57|00|1||1286|41260463358210000176570010000012861137507563|25042026|25042026|0||4962,00||1|4962,00|4962,00|595,44|||111010001|4101408|4101408|
|D190|000|6353|12,00|4962,00|4962,00|595,44|0||
|D100|1|1|627803830001150|57|00|1||1287|41260463358210000176570010000012871926627114|25042026|25042026|0||4941,40||1|4941,40|4941,40|592,97|||111010001|4101408|4101408|
|D190|000|6353|12,00|4941,40|4941,40|592,97|0||
|D100|1|1|627803830001150|57|00|1||1288|41260463358210000176570010000012881033655099|25042026|25042026|0||5855,90||1|5855,90|5855,90|702,71|||111010001|4101408|4101408|
|D190|000|6353|12,00|5855,90|5855,90|702,71|0||
|D100|1|1|627803830001150|57|00|1||1289|41260463358210000176570010000012891505596799|25042026|25042026|0||4938,30||1|4938,30|4938,30|592,60|||111010001|4101408|4101408|
|D190|000|6353|12,00|4938,30|4938,30|592,60|0||
|D100|1|1|627803830001150|57|00|1||1290|41260463358210000176570010000012901147898100|27042026|27042026|0||3072,00||1|3072,00|0,00|0,00|||111010001|4101408|4101408|
|D190|090|6932|0,00|3072,00|0,00|0,00|0||
|D100|1|1|627803830001150|57|00|1||1291|41260463358210000176570010000012911727627656|27042026|27042026|0||3210,00||1|3210,00|0,00|0,00|||111010001|4101408|4101408|
|D190|090|6932|0,00|3210,00|0,00|0,00|0||
|D100|1|1|627803830001150|57|00|1||1292|41260463358210000176570010000012921262662932|27042026|27042026|0||3210,00||1|3210,00|0,00|0,00|||111010001|4101408|4101408|
|D190|090|6932|0,00|3210,00|0,00|0,00|0||
|D100|1|1|627803830001150|57|00|1||1293|41260463358210000176570010000012931993142272|27042026|27042026|0||3195,60||1|3195,60|0,00|0,00|||111010001|4101408|4101408|
|D190|090|6932|0,00|3195,60|0,00|0,00|0||
|D100|1|1|627803830001150|57|00|1||1294|41260463358210000176570010000012941881819642|27042026|27042026|0||3220,80||1|3220,80|0,00|0,00|||111010001|4101408|4101408|
|D190|090|6932|0,00|3220,80|0,00|0,00|0||
|D100|1|1|627803830001150|57|00|1||1295|41260463358210000176570010000012951083831154|27042026|27042026|0||3127,20||1|3127,20|0,00|0,00|||111010001|4101408|4101408|
|D190|090|6932|0,00|3127,20|0,00|0,00|0||
|D100|1|1|627803830001150|57|00|1||1296|41260463358210000176570010000012961719556830|27042026|27042026|0||3147,60||1|3147,60|0,00|0,00|||111010001|4101408|4101408|
|D190|090|6932|0,00|3147,60|0,00|0,00|0||
|D100|1|1|627803830001150|57|00|1||1297|41260463358210000176570010000012971448023944|27042026|27042026|0||3153,00||1|3153,00|0,00|0,00|||111010001|4101408|4101408|
|D190|090|6932|0,00|3153,00|0,00|0,00|0||
|D100|1|1|627803830001150|57|00|1||1298|41260463358210000176570010000012981390182864|27042026|27042026|0||3229,20||1|3229,20|0,00|0,00|||111010001|4101408|4101408|
|D190|090|6932|0,00|3229,20|0,00|0,00|0||
|D100|1|0|627803830001150|57|00|1||1299|41260463358210000176570010000012991093626668|27042026|27042026|0||3174,00||1|3174,00|0,00|0,00|||111010001|4101408|4101408|
|D190|090|6932|0,00|3174,00|0,00|0,00|0||
|D100|1|1|627803830001150|57|00|1||1300|41260463358210000176570010000013001772489136|27042026|27042026|0||3177,00||1|3177,00|0,00|0,00|||111010001|4101408|4101408|
|D190|090|6932|0,00|3177,00|0,00|0,00|0||
|D100|1|1|627803830001150|57|00|1||1301|41260463358210000176570010000013011408526753|27042026|27042026|0||3230,40||1|3230,40|0,00|0,00|||111010001|4101408|4101408|
|D190|090|6932|0,00|3230,40|0,00|0,00|0||
|D100|1|1|627803830001150|57|00|1||1302|41260463358210000176570010000013021238330320|27042026|27042026|0||3102,00||1|3102,00|0,00|0,00|||111010001|4101408|4101408|
|D190|090|6932|0,00|3102,00|0,00|0,00|0||
|D100|1|1|627803830001150|57|00|1||1303|41260463358210000176570010000013031930615074|27042026|27042026|0||3085,20||1|3085,20|0,00|0,00|||111010001|4101408|4101408|
|D190|090|6932|0,00|3085,20|0,00|0,00|0||
|D100|1|1|627803830001150|57|00|1||1304|41260463358210000176570010000013041336044504|27042026|27042026|0||3114,00||1|3114,00|0,00|0,00|||111010001|4101408|4101408|
|D190|090|6932|0,00|3114,00|0,00|0,00|0||
|D100|1|1|627803830001150|57|00|1||1305|41260463358210000176570010000013051435120583|27042026|27042026|0||3114,00||1|3114,00|0,00|0,00|||111010001|4101408|4101408|
|D190|090|6932|0,00|3114,00|0,00|0,00|0||
|D100|1|1|627803830001150|57|00|1||1306|41260463358210000176570010000013061081764145|27042026|27042026|0||3060,00||1|3060,00|0,00|0,00|||111010001|4101408|4101408|
|D190|090|6932|0,00|3060,00|0,00|0,00|0||
|D100|1|1|627803830001150|57|00|1||1307|41260463358210000176570010000013071562198950|27042026|27042026|0||3144,00||1|3144,00|0,00|0,00|||111010001|4101408|4101408|
|D190|090|6932|0,00|3144,00|0,00|0,00|0||
|D100|1|1|627803830001150|57|00|1||1308|41260463358210000176570010000013081696739686|27042026|27042026|0||5331,00||1|5331,00|5331,00|639,72|||111010001|4101408|4101408|
|D190|000|6353|12,00|5331,00|5331,00|639,72|0||
|D100|1|1|627803830001150|57|00|1||1309|41260463358210000176570010000013091962667952|27042026|27042026|0||7582,60||1|7582,60|7582,60|909,91|||111010001|4101408|4101408|
|D190|000|6353|12,00|7582,60|7582,60|909,91|0||
|D100|1|1|627803830001150|57|00|1||1310|41260463358210000176570010000013101311600702|27042026|27042026|0||7386,60||1|7386,60|7386,60|886,39|||111010001|4101408|4101408|
|D190|000|6353|12,00|7386,60|7386,60|886,39|0||
|D100|1|1|627803830001150|57|00|1||1311|41260463358210000176570010000013111828684862|27042026|27042026|0||5958,40||1|5958,40|5958,40|715,01|||111010001|4101408|4101408|
|D190|000|6353|12,00|5958,40|5958,40|715,01|0||
|D100|1|1|627803830001150|57|00|1||1312|41260463358210000176570010000013121541153338|27042026|27042026|0||3087,00||1|3087,00|0,00|0,00|||111010001|4101408|4101408|
|D190|090|6932|0,00|3087,00|0,00|0,00|0||
|D100|1|1|627803830001150|57|00|1||1313|41260463358210000176570010000013131368722310|27042026|27042026|0||3006,00||1|3006,00|0,00|0,00|||111010001|4101408|4101408|
|D190|090|6932|0,00|3006,00|0,00|0,00|0||
|D100|1|1|627803830001150|57|00|1||1314|41260463358210000176570010000013141109109539|27042026|27042026|0||3006,00||1|3006,00|0,00|0,00|||111010001|4101408|4101408|
|D190|090|6932|0,00|3006,00|0,00|0,00|0||
|D100|1|1|627803830001150|57|00|1||1315|41260463358210000176570010000013151989920443|27042026|27042026|0||2964,00||1|2964,00|0,00|0,00|||111010001|4101408|4101408|
|D190|090|6932|0,00|2964,00|0,00|0,00|0||
|D100|1|1|627803830001150|57|00|1||1317|41260463358210000176570010000013171224337265|27042026|27042026|0||3180,00||1|3180,00|0,00|0,00|||111010001|4101408|4101408|
|D190|090|6932|0,00|3180,00|0,00|0,00|0||
|D100|1|1|627803830001150|57|00|1||1318|41260463358210000176570010000013181412702835|27042026|27042026|0||3231,60||1|3231,60|0,00|0,00|||111010001|4101408|4101408|
|D190|090|6932|0,00|3231,60|0,00|0,00|0||
|D100|1|1|627803830001150|57|00|1||1321|41260463358210000176570010000013211932643170|27042026|27042026|0||775,00||1|775,00|775,00|93,00|||111010001|4101408|4101408|
|D190|000|6353|12,00|775,00|775,00|93,00|0||
|D100|1|1|627803830001150|57|00|1||1322|41260463358210000176570010000013221908297354|28042026|28042026|0||7368,00||1|7368,00|7368,00|884,16|||111010001|4101408|4101408|
|D190|000|6353|12,00|7368,00|7368,00|884,16|0||
|D100|1|1|627803830001150|57|00|1||1324|41260463358210000176570010000013241483496275|28042026|28042026|0||5595,00||1|5595,00|5595,00|671,40|||111010001|4101408|4101408|
|D190|000|6353|12,00|5595,00|5595,00|671,40|0||
|D100|1|1|627803830001150|57|00|1||1325|41260463358210000176570010000013251871664121|28042026|28042026|0||5316,00||1|5316,00|5316,00|637,92|||111010001|4101408|4101408|
|D190|000|6353|12,00|5316,00|5316,00|637,92|0||
|D100|1|1|627803830001150|57|00|1||1326|41260463358210000176570010000013261532810700|28042026|28042026|0||6265,10||1|6265,10|6265,10|751,81|||111010001|4101408|4101408|
|D190|000|6353|12,00|6265,10|6265,10|751,81|0||
|D100|0|1|627803830001150|57|00|1||1327|41260463358210000176570010000013271854482155|28042026|28042026|0||3240,00||1|3240,00|3240,00|388,80|||111010001|4101408|4101408|
|D190|000|2353|12,00|3240,00|3240,00|388,80|0||
|D100|1|1|627803830001150|57|00|1||1328|41260463358210000176570010000013281443552793|28042026|28042026|0||4558,80||1|4558,80|4558,80|547,06|||111010001|4101408|4101408|
|D190|000|6353|12,00|4558,80|4558,80|547,06|0||
|D100|1|1|627803830001150|57|00|1||1330|41260463358210000176570010000013301941603967|28042026|28042026|0||5445,00||1|5445,00|5445,00|653,40|||111010001|4101408|4101408|
|D190|000|6353|12,00|5445,00|5445,00|653,40|0||
|D100|1|1|627803830001150|57|00|1||1331|41260463358210000176570010000013311540845991|28042026|28042026|0||5858,00||1|5858,00|5858,00|702,96|||111010001|4101408|4101408|
|D190|000|6353|12,00|5858,00|5858,00|702,96|0||
|D100|1|1|627803830001150|57|00|1||1332|41260463358210000176570010000013321752978984|28042026|28042026|0||5570,90||1|5570,90|5570,90|668,51|||111010001|4101408|4101408|
|D190|000|6353|12,00|5570,90|5570,90|668,51|0||
|D100|1|1|627803830001150|57|00|1||1333|41260463358210000176570010000013331207861907|29042026|29042026|0||4300,00||1|4300,00|4300,00|516,00|||111010001|4101408|4101408|
|D190|000|6353|12,00|4300,00|4300,00|516,00|0||
|D100|1|1|627803830001150|57|00|1||1334|41260463358210000176570010000013341071084146|29042026|29042026|0||625,00||1|625,00|625,00|75,00|||111010001|4101408|4101408|
|D190|000|6353|12,00|625,00|625,00|75,00|0||
|D100|1|1|627803830001150|57|00|1||1335|41260463358210000176570010000013351414514484|29042026|29042026|0||5157,50||1|5157,50|5157,50|618,90|||111010001|4101408|4101408|
|D190|000|6353|12,00|5157,50|5157,50|618,90|0||
|D100|1|1|627803830001150|57|00|1||1336|41260463358210000176570010000013361347619868|29042026|29042026|0||4062,50||1|4062,50|4062,50|487,50|||111010001|4101408|4101408|
|D190|000|6353|12,00|4062,50|4062,50|487,50|0||
|D100|1|1|627803830001150|57|00|1||1337|41260463358210000176570010000013371117503008|29042026|29042026|0||3949,05||1|3949,05|3949,05|473,89|||111010001|4101408|4101408|
|D190|000|6353|12,00|3949,05|3949,05|473,89|0||
|D100|1|1|627803830001150|57|00|1||1338|41260463358210000176570010000013381560314216|29042026|29042026|0||4082,50||1|4082,50|4082,50|489,90|||111010001|4101408|4101408|
|D190|000|6353|12,00|4082,50|4082,50|489,90|0||
|D100|1|1|627803830001150|57|00|1||1341|41260463358210000176570010000013411472419062|29042026|29042026|0||3298,40||1|3298,40|0,00|0,00|||111010001|4101408|4101408|
|D190|090|6932|0,00|3298,40|0,00|0,00|0||
|D100|1|1|627803830001150|57|00|1||1343|41260463358210000176570010000013431420398077|29042026|29042026|0||3230,20||1|3230,20|0,00|0,00|||111010001|4101408|4101408|
|D190|090|6932|0,00|3230,20|0,00|0,00|0||
|D100|1|1|627803830001150|57|00|1||1344|41260463358210000176570010000013441927350793|29042026|29042026|0||3224,00||1|3224,00|0,00|0,00|||111010001|4101408|4101408|
|D190|090|6932|0,00|3224,00|0,00|0,00|0||
|D100|1|1|627803830001150|57|00|1||1345|41260463358210000176570010000013451657823241|29042026|29042026|0||3289,10||1|3289,10|0,00|0,00|||111010001|4101408|4101408|
|D190|090|6932|0,00|3289,10|0,00|0,00|0||
|D100|1|1|627803830001150|57|00|1||1346|41260463358210000176570010000013461908784117|29042026|29042026|0||3245,70||1|3245,70|0,00|0,00|||111010001|4101408|4101408|
|D190|090|6932|0,00|3245,70|0,00|0,00|0||
|D100|1|1|627803830001150|57|00|1||1347|41260463358210000176570010000013471660594767|29042026|29042026|0||3242,60||1|3242,60|0,00|0,00|||111010001|4101408|4101408|
|D190|090|6932|0,00|3242,60|0,00|0,00|0||
|D100|1|1|627803830001150|57|00|1||1348|41260463358210000176570010000013481225149280|30042026|30042026|0||7995,00||1|7995,00|7995,00|959,40|||111010001|4101408|4101408|
|D190|000|6353|12,00|7995,00|7995,00|959,40|0||
|D100|1|1|627803830001150|57|00|1||1349|41260463358210000176570010000013491592948133|30042026|30042026|0||7862,40||1|7862,40|7862,40|943,49|||111010001|4101408|4101408|
|D190|000|6353|12,00|7862,40|7862,40|943,49|0||
|D100|0|1|627803830001150|57|00|1||1350|41260463358210000176570010000013501402045022|30042026|30042026|0||4042,00||1|4042,00|4042,00|485,04|||111010001|4101408|4101408|
|D190|000|2353|12,00|4042,00|4042,00|485,04|0||
|D100|0|1|627803830001150|57|00|1||1351|41260463358210000176570010000013511119571832|30042026|30042026|0||4018,00||1|4018,00|4018,00|482,16|||111010001|4101408|4101408|
|D190|000|2353|12,00|4018,00|4018,00|482,16|0||
|D100|1|1|627803830001150|57|00|1||1352|41260463358210000176570010000013521838512161|30042026|30042026|0||6179,20||1|6179,20|6179,20|741,50|||111010001|4101408|4101408|
|D190|000|6353|12,00|6179,20|6179,20|741,50|0||
|D100|0|1|627803830001150|57|00|1||1353|41260463358210000176570010000013531074620389|30042026|30042026|0||3066,82||1|3066,82|3066,82|368,02|||111010001|4101408|4101408|
|D190|000|2353|12,00|3066,82|3066,82|368,02|0||
|D100|1|1|627803830001150|57|00|1||1354|41260463358210000176570010000013541820635282|30042026|30042026|0||7952,00||1|7952,00|7952,00|954,24|||111010001|4101408|4101408|
|D190|000|6353|12,00|7952,00|7952,00|954,24|0||
|D100|1|1|627803830001150|57|00|1||1355|41260463358210000176570010000013551747301070|30042026|30042026|0||4941,00||1|4941,00|4941,00|592,92|||111010001|4101408|4101408|
|D190|000|6353|12,00|4941,00|4941,00|592,92|0||
|D100|1|1|627803830001150|57|00|1||1356|41260463358210000176570010000013561268063231|30042026|30042026|0||6182,40||1|6182,40|6182,40|741,89|||111010001|4101408|4101408|
|D190|000|6353|12,00|6182,40|6182,40|741,89|0||
|D100|1|1|627803830001150|57|00|1||1357|41260463358210000176570010000013571739170382|30042026|30042026|0||7917,00||1|7917,00|7917,00|950,04|||111010001|4101408|4101408|
|D190|000|6353|12,00|7917,00|7917,00|950,04|0||
|D100|1|1|627803830001150|57|00|1||1358|41260463358210000176570010000013581595310937|30042026|30042026|0||7917,00||1|7917,00|7917,00|950,04|||111010001|4101408|4101408|
|D190|000|6353|12,00|7917,00|7917,00|950,04|0||
|D100|1|1|627803830001150|57|00|1||1359|41260463358210000176570010000013591314418345|30042026|30042026|0||5020,00||1|5020,00|5020,00|602,40|||111010001|4101408|4101408|
|D190|000|6353|12,00|5020,00|5020,00|602,40|0||
|D100|1|1|627803830001150|57|00|1||1360|41260463358210000176570010000013601780914299|30042026|30042026|0||6528,00||1|6528,00|6528,00|783,36|||111010001|4101408|4101408|
|D190|000|6353|12,00|6528,00|6528,00|783,36|0||
|D100|1|1|627803830001150|57|00|1||1361|41260463358210000176570010000013611953780636|30042026|30042026|0||8080,80||1|8080,80|8080,80|969,70|||111010001|4101408|4101408|
|D190|000|6353|12,00|8080,80|8080,80|969,70|0||
|D100|1|1|627803830001150|57|00|1||1362|41260463358210000176570010000013621051481438|30042026|30042026|0||7823,40||1|7823,40|7823,40|938,81|||111010001|4101408|4101408|
|D190|000|6353|12,00|7823,40|7823,40|938,81|0||
|D100|1|1|627803830001150|57|00|1||1363|41260463358210000176570010000013631662895490|30042026|30042026|0||4112,50||1|4112,50|4112,50|493,50|||111010001|4101408|4101408|
|D190|000|6353|12,00|4112,50|4112,50|493,50|0||
|D100|1|1|627803830001150|57|00|1||1364|41260463358210000176570010000013641495303014|30042026|30042026|0||4125,00||1|4125,00|4125,00|495,00|||111010001|4101408|4101408|
|D190|000|6353|12,00|4125,00|4125,00|495,00|0||
|D990|708|
|E001|0|
|E100|01042026|30042026|
|E110|116055,70|0|0,00|0,00|39742,78|0|0,00|0,00|220225,67|0,00|0,00|0,00|143912,75|0|
|E116|000|0,00|30042026|10115|||||042026|
|E990|5|
|G001|1|
|G990|2|
|H001|1|
|H990|2|
|K001|0|
|K010|2|
|K100|01042026|30042026|
|K990|4|
|1001|0|
|1010|N|N|N|N|N|N|N|N|N|N|N|N|N|
|1990|3|
|9001|0|
|9900|0000|1|
|9900|0001|1|
|9900|0002|0|
|9900|0005|1|
|9900|0015|0|
|9900|0100|1|
|9900|0150|12|
|9900|0190|3|
|9900|0200|6|
|9900|0220|3|
|9900|0400|5|
|9900|0450|0|
|9900|0460|0|
|9900|0990|1|
|9900|B001|1|
|9900|B990|1|
|9900|C001|1|
|9900|C100|32|
|9900|C101|0|
|9900|C170|16|
|9900|C172|0|
|9900|C190|31|
|9900|C500|0|
|9900|C510|0|
|9900|C590|0|
|9900|C990|1|
|9900|D001|1|
|9900|D100|353|
|9900|D190|353|
|9900|D500|0|
|9900|D590|0|
|9900|D990|1|
|9900|E001|1|
|9900|E100|1|
|9900|E110|1|
|9900|E111|0|
|9900|E112|0|
|9900|E113|0|
|9900|E115|0|
|9900|E116|1|
|9900|E500|0|
|9900|E510|0|
|9900|E520|0|
|9900|E530|0|
|9900|E990|1|
|9900|G001|1|
|9900|G990|1|
|9900|H001|1|
|9900|H005|0|
|9900|H010|0|
|9900|H990|1|
|9900|K001|1|
|9900|K010|1|
|9900|K100|1|
|9900|K200|0|
|9900|K990|1|
|9900|1001|1|
|9900|1010|1|
|9900|1100|0|
|9900|1105|0|
|9900|1110|0|
|9900|1400|0|
|9900|1990|1|
|9900|9001|1|
|9900|9900|67|
|9900|9990|1|
|9900|9999|1|
|9990|70|
|9999|911|
