02RETORNO01COBRANCA       009100565036        QUIMICA CENTRAL DO BRASIL LTDA341BANCO ITAU S.A.14082301600BPI02517150823                                                                                                                                                                                                                                                                                   000001
10205272759000147009100565036        319755                   00319755            109003197557             I06140823319755    00319755            14082300000007385102370047101000000000013500000000000000000000000000000000000000000000000000000000000000000000000073837500000000000000000000000000   15082300000000000000000000000ECOSERVICE INDUSTRIAL DE COURO                                      B3000002
10205272759000147009100565036        320122                   00320122            109003201227             I06140823320122    00320122            16082300000003322000015355301000000000013500000000000000000000000000000000000000000000000000000000000000000000000033206500000000000000000000000000   15082300000000000000000000000CURTUME DALPELLE LTDA                                               B2000003
10205272759000147009100565036        322173                   00322173            109003221738             I06140823322173    00322173            14082300000004897771040304601000000000013500000000000000000000000000000000000000000000000000000000000000000000000048964200000000000000000000000000   15082300000000000000000000000COMERCIAL LURESILVA LTDA                                            B3000004
10205272759000147009100565036        322577                   00322577            109003225770             I06140823322577    00322577            14082300000002185970333318301000000000013500000000000000000000000000000000000000000000000000000000000000000000000021846200000000000000000000000000   15082300000000000000000000000CURTUME CACIQUE LTDA                                                B7000005
10205272759000147009100565036        323654                   00323654            109003236546             I06140823323654    00323654            14082300000002399482372209501000000000013500000000000000000000000000000000000000000000000000000000000000000000000023981300000000000000000000000000   15082300000000000000000000000IRMAOS MANIERO E CIA LTDA                                           B3000006
10205272759000147009100565036        325029                   00325029            109003250299             I06140823325029    00325029            14082300000012539280013891901000000000013500000000000000000000000000000000000000000000000000000000000000000000000125379300000000000000000000000000   15082300000000000000000000000NEW GLANCE INGREDIENTES NUTRIC                                      B3000007
10205272759000147009100565036        325140                   00325140            109003251404             I06140823325140    00325140            14082300000001746917562321801000000000013500000000000000000000000000000000000000000000000000000000000000000000000017455600000000000000000000000000   15082300000000000000000000000MEGA SOL PISCINAS LTDA                                              B3000008
10205272759000147009100565036        325147                   00325147            109003251479             I06140823325147    00325147            14082300000003032257480101601000000000013500000000000000000000000000000000000000000000000000000000000000000000000030309000000000000000000000000000   15082300000000000000000000000CURTUME SULINO LTDA                                                 B3000009
10205272759000147009100565036        325606                   00325606            109003256064             I06140823325606    00325606            14082300000048998760015121901000000000013500000000000000000000000000000000000000000000000000000000000000000000000489974100000000000000000000000000   15082300000000000000000000000CURTIDORA RIBEIRAOZINHO LTDA                                        B3000010
10205272759000147009100565036        326178                   00326178            109003261783             I06140823326178    00326178            17082300000005251621040304601000000000013500000000000000000000000000000000000000000000000000000000000000000000000052502700000000000000000000000000   15082300000000000000000000000COMERCIAL LURESILVA LTDA                                            B3000011
10205272759000147009100565036        327556                   00327556            109003275569             I06140823327556    00327556            14082300000004320002372452101000000000013500000000000000000000000000000000000000000000000000000000000000000000000043186500000000000000000000000000   15082300000000000000000000000ADRIANO LADEIRA E IRMAO LTDA                                        B3000012
10205272759000147009100565036        327560                   00327560            109003275601             I06140823327560    00327560            14082300000008539482372452101000000000013500000000000000000000000000000000000000000000000000000000000000000000000085381300000000000000000000000000   15082300000000000000000000000CLAYTON TRANGUEIRA MALTA                                            B3000013
10205272759000147009100565036        314304                   00314304            109003143049             I09140823314304    00314304            14042300000031576743417788301000000000013500000000000000000000000000000000000000000000000000000000000000000000000000013500000000000000000000000000         00000000000000000000000CURTUME NIMO LTDA                                                     000014
10205272759000147009100565036        327975                   00327975            109003279751             I09140823327975    00327975            06092300000013754233417709901000000000013500000000000000000000000000000000000000000000000000000000000000000000000000013500000000000000000000000000         00000000000000000000000MASTER COUROS IND E COM DE DER                                        000015
10205272759000147009100565036        327976                   00327976            109003279769             I09140823327976    00327976            13092300000013754233417709901000000000013500000000000000000000000000000000000000000000000000000000000000000000000000013500000000000000000000000000         00000000000000000000000MASTER COUROS IND E COM DE DER                                        000016
10205272759000147009100565036        327977                   00327977            109003279777             I09140823327977    00327977            20092300000013754233417709901000000000013500000000000000000000000000000000000000000000000000000000000000000000000000013500000000000000000000000000         00000000000000000000000MASTER COUROS IND E COM DE DER                                        000017
10205272759000147009100565036        313882                   00313882            109003138825             I29140823313882    00313882            09052300000011828003410000001000000000065800000000000000000000000000000000000000000000000000000000000000000000000000000000000000000000000000000000         00000000000000000000000CURTUME NIMO LTDA                                                     000018
10205272759000147009100565036        313883                   00313883            109003138833             I29140823313883    00313883            08062300000011828003410000001000000000065800000000000000000000000000000000000000000000000000000000000000000000000000000000000000000000000000000000         00000000000000000000000CURTUME NIMO LTDA                                                     000019
10205272759000147009100565036        314721                   00314721            109003147214             I29140823314721    00314721            09052300000008216673410000001000000000065800000000000000000000000000000000000000000000000000000000000000000000000000000000000000000000000000000000         00000000000000000000000VITAPELLI LTDA                                                        000020
10205272759000147009100565036        316687                   00316687            109003166875             I29140823316687    00316687            08052300000033373073410000001000000000065800000000000000000000000000000000000000000000000000000000000000000000000000000000000000000000000000000000         00000000000000000000000VITAPELLI LTDA                                                        000021
10205272759000147009100565036        317050                   00317050            109003170505             I29140823317050    00317050            10052300000004438003410000001000000000065800000000000000000000000000000000000000000000000000000000000000000000000000000000000000000000000000000000         00000000000000000000000VITAPELLI LTDA                                                        000022
10205272759000147009100565036        317789                   00317789            109003177898             I29140823317789    00317789            08052300000009815733410000001000000000065800000000000000000000000000000000000000000000000000000000000000000000000000000000000000000000000000000000         00000000000000000000000VITAPELLI LTDA                                                        000023
10205272759000147009100565036        325469                   00325469            109003254697             I24140823325469    00325469            03082300000001805003410464801000000000000000000000000000000000000000000000000000000000000000000000000000000000000000000000000000000000000000000000         33680000000000000000000BURITI COMERCIO DE CARNES LTDA                                        000024
10205272759000147009100565036                                 00042376            157000423765             I0214082334836/01  00042376            060923000000047248434101339  000000000000000000000000000000000000000000000000000000000000000000000000000000000000000000000000000000000000000000000         00000000000000000000000MASTER COUROS IND E COM DE DER                                        000025
10205272759000147009100565036                                 00042377            157000423773             I0214082334836/02  00042377            130923000000047248334101339  000000000000000000000000000000000000000000000000000000000000000000000000000000000000000000000000000000000000000000000         00000000000000000000000MASTER COUROS IND E COM DE DER                                        000026
10205272759000147009100565036                                 00042378            157000423781             I0214082334836/03  00042378            200923000000047248334101339  000000000000000000000000000000000000000000000000000000000000000000000000000000000000000000000000000000000000000000000         00000000000000000000000MASTER COUROS IND E COM DE DER                                        000027
10205272759000147009100565036                                 00042379            157000423799             I0214082334837/01  00042379            060923000000090293934101339  000000000000000000000000000000000000000000000000000000000000000000000000000000000000000000000000000000000000000000000         00000000000000000000000MASTER COUROS IND E COM DE DER                                        000028
10205272759000147009100565036                                 00042380            157000423807             I0214082334837/02  00042380            130923000000090294034101339  000000000000000000000000000000000000000000000000000000000000000000000000000000000000000000000000000000000000000000000         00000000000000000000000MASTER COUROS IND E COM DE DER                                        000029
10205272759000147009100565036                                 00042381            157000423815             I0214082334837/03  00042381            200923000000090294034101339  000000000000000000000000000000000000000000000000000000000000000000000000000000000000000000000000000000000000000000000         00000000000000000000000MASTER COUROS IND E COM DE DER                                        000030
10205272759000147009100565036                                 00042228            157000422288             I061408236954/004  00042228            120823000000115899942201461  000000000000000000000000000000000000000000000000000000000000000000000000000000000000115899900000000000000000000000000   15082300000000000000000000000COURO PELE ACABAMENTOS DE COUR                                      B7000031
10205272759000147009100565036                                 00042246            157000422460             I0614082363829/4   00042246            140823000000045890303336079  000000000000000000000000000000000000000000000000000000000000000000000000000000000000045890300000000000000000000000000   15082300000000000000000000000PARRA IND E COM DE CONFECCOES                                       B3000032
10205272759000147009100565036                                 00042123            157000421231             I351408232328/12   00042123            080823000000088937534100000  000000000091400000000000000000000000000000000000000000000000000000000000000000000000000000000000000000000000000000000         00000000000000000000000CURTUME ARACATUBA LTDA                                                000033
10205272759000147009100565036                                 00042123            157000421231             I231408232328/12   00042123            080823000000088937534101446  000000000079700000000000000000000000000000000000000000000000000000000000000000000000000000000000000000000000000000000         00000000000000000000000CURTUME ARACATUBA LTDA                                                000034
10205272759000147009100565036                                 00042175            157000421751             I321408236762/010  00042175            280723000000173844034101446  000000000000000000000000000000000000000000000000000000000000000000000000000000000000000000000000000000000000000000000         00000000000000000000000CURTUME ARACATUBA LTDA                                                000035
10205272759000147009100565036                                 00042268            157000422684             I19140823ACORDO/07 00042268            070823000000400000034100828  000000000000000000000000000000000000000000000000000000000000000000000000000000000000000000000000000000000000000000000         00000000000000000000000QUIMICA MASTER IND.COM EIRELI                                         000036
10205272759000147009100565036                                 00042303            157000423039             I19140823ACORDO/03 00042303            090823000000100000034100828  000000000000000000000000000000000000000000000000000000000000000000000000000000000000000000000000000000000000000000000         00000000000000000000000QUIMICA MASTER IND.COM EIRELI                                         000037
9201341          000000000000000000000000000000          000000000000000000000000000000                                                  000000000000000000000000000000          0000079200001008249784  15/08S025170000003600000040137613                                                                                                                                                                000038
