23700000         205366261000143520875              0006980000004026829 NUTRI AGROINDUSTRIA LTDA      BANCO BRADESCO S.A.                     2221020250405270000010890000000000000BRAD                                                         
23700011C3001045 205366261000143520875              0006980000004026829 NUTRI AGROINDUSTRIA LTDA                                              RODOVIA PR 486, KM 02         01413SAIDA PARA TUPACASCAVEL            85814000PR01                
2370001300001A0000002370006980000002594986 JOSE APARECIDO BARBOSA        390529              22102025BRL0000000000000000000000005497090130210922000000001222102025000000000549709                                                    05T00      
2370001300002B   100003276306980RUA ANTONIO PEXE              01413FLORAIS DO PARAFLORESTA       CASCAVEL            85814000PR21102025000000000549709000000000000000000000000000000000000000000000000000000000000000000000000000000000000000000
2370001300003Z                                                                                                                                                                                                                        5T00      
2370001300004A000000237019879000000250488P MICAEL PEREIRA DE ARAUJO      390530              22102025BRL0000000000000000000000003580630130210922000000001322102025000000000358063                                                    05T00      
2370001300005B   100010936227923RUA PADRE PAULO ENGLERT       00624               INTERLAGOS     CASCAVEL            85814000PR21102025000000000358063000000000000000000000000000000000000000000000000000000000000000000000000000000000000000000
2370001300006Z                                                                                                                                                                                                                        5T00      
2370001300007A0000002370043830000001513796 MIRELLA ALINE DE OLIVEIRA     390531              22102025BRL0000000000000000000000003103550130210922000000001422102025000000000310355                                                    05T00      
2370001300008B   100023002181862RUA JOSE LINHARES             00309               CASCAVEL VELHO CASCAVEL            85818000PR21102025000000000310355000000000000000000000000000000000000000000000000000000000000000000000000000000000000000000
2370001300009Z                                                                                                                                                                                                                        5T00      
2370001300010A0000002370198790000000492485 RENAN FURLAN DE FREITAS       390532              22102025BRL0000000000000000000000002945920130210922000000001522102025000000000294592                                                    05T00      
2370001300011B   100014451424909RUA JOANES KEPLER             00449               INTERLAGOS     CASCAVEL            85814000PR21102025000000000294592000000000000000000000000000000000000000000000000000000000000000000000000000000000000000000
2370001300012Z                                                                                                                                                                                                                        5T00      
2370001300013A0000002370006980000002639912 AZEMIRO FERREIRA              390528              22102025BRL0000000000000000000000005402290130210922000000001122102025000000000540229                                                    05T00      
2370001300014B   100071944176934RUA GALO-DA-SERRA             01275               FLORESTA       CASCAVEL            85814000PR21102025000000000540229000000000000000000000000000000000000000000000000000000000000000000000000000000000000000000
2370001300015Z                                                                                                                                                                                                                        5T00      
23700015         000017000000000002052948000000000000000000000000                                                                                                                                                                               
23799999         000001000019                                                                                                                                                                                                                   
